3325 5200
1949 521 2068 582 120

894 729 1283 808 amuletum,
1344 749 1509 794 auro
1570 729 1818 812 quippe
1869 733 2176 794 constans
2221 733 2288 794 et
2331 698 2600 812 argento
2655 733 2721 793 et
2765 748 2916 794 aere
2961 731 3131 795 cele-

894 854 1125 919 bratur
1160 871 1353 918 versu
1391 855 1657 937 quinto:
1698 853 1958 918 bkaeimish
1997 854 2108 918 tva‘
2135 853 2286 936 pdtu
2327 853 2602 917 hav-item
2637 854 2956 936 viqvabhrd
2983 874 3130 938 sqq.

894 983 1071 1044 terra
1128 978 1403 1044 amuleti
1446 997 1882 1062 possessorem
1927 980 2102 1044 tueri
2147 979 2392 1044 dicitur
2421 997 2516 1042 =ea
2561 983 2766 1062 parte,
2811 999 2985 1062 quae
3031 985 3136 1044 cst

896 1123 979 1169 ex
1022 1123 1207 1184 auro,
1254 1110 1325 1169 at
1367 1123 1573 1182 versu.
1605 1123 1783 1168 nono
1831 1103 2002 1168 dicas
2043 1109 2144 1167 tvci
2164 1103 2324 1185 pdtu
2359 1103 2622 1166 hav-itam
2657 1122 2798 1186 sqq.
2837 1105 2989 1167 auri
3024 1105 3136 1166 vis

896 1231 971 1294 in
1028 1229 1291 1294 coelum
1348 1230 1740 1294 transfertur
1748 1255 1767 1308 ;
1827 1231 2076 1294 etenim
2121 1229 2262 1294 illic
2307 1229 2513 1292 karita
2559 1229 2762 1292 simul
2807 1229 3136 1312 accipien-

896 1355 1059 1418 dum
1112 1360 1187 1418 ut
1244 1354 1565 1438 significet
1618 1355 1860 1419 herbas
1921 1355 2184 1432 virides,
2231 1374 2404 1437 quae
2457 1359 2612 1419 sunt
2659 1355 2732 1418 in
2777 1359 2972 1434 terra,
3021 1355 3136 1418 hic

896 1481 975 1545 de
1012 1480 1195 1544 fulvo
1231 1479 1401 1544 lucis
1436 1479 1651 1544 colore
1695 1480 2040 1563 cogitatur.
2079 1479 2394 1544 Pluribus
2433 1481 2506 1542 in
2548 1479 2716 1546 hanc
2739 1500 2882 1544 rem
2905 1481 3133 1564 inqui-

896 1625 1037 1670 rere
1072 1625 1209 1670 non
1252 1609 1347 1670 est
1390 1625 1571 1688 opus,
1608 1605 1900 1670 sufficere
1929 1605 2120 1669 nobis
2142 1605 2453 1670 videntur
2475 1625 2553 1669 ea
2573 1625 2746 1688 quae
2769 1606 3134 1688 disputavi-

898 1750 1047 1794 mus
1100 1730 1187 1794 ad
1239 1730 1824 1795 demonstrandum
1860 1731 1931 1794 id
1969 1730 2145 1813 quod
2181 1730 2545 1812 posuimus.
2587 1729 2925 1794 Ultimum
2971 1750 3132 1794 vero

898 1855 1193 1921 eiusdem
1252 1853 1407 1920 Ath.
1467 1855 1635 1940 Vedi
1695 1855 2010 1920 carminis
2074 1873 2338 1919 versum
2405 1855 2928 1938 praetermittere
2993 1875 3132 1920 non

898 1985 1170 2064 oportet,
1218 1999 1293 2046 eo
1340 1981 1523 2078 enim
1568 2001 1724 2045 cum
1769 1980 1966 2044 melle
2009 1985 2074 2044 et
2121 1981 2363 2062 butyro
2407 1980 2830 2064 componitur
2877 1981 3132 2045 amule-

899 2111 1063 2172 tum.
1102 2106 1221 2172 Est
1265 2107 1483 2170 enim:

1157 2231 1383 2313 qbrtdd
1422 2231 1735 2313 ulluptam
1781 2230 2086 2294 madkund
2121 2231 2467 2294 samaktam
2519 2259 2524 2262 ·

1511 2355 1984 2422 blcdmidrmham
2025 2363 2314 2440 aeyutam
2343 2356 2728 2441 pdrayislcnu

1158 2483 1403 2548 baindat
1442 2483 1742 2565 sapatna‘n
1787 2482 2187 2564 adharquca
2227 2483 2468 2548 krnvad

1066 2694 1070 2701 .
1512 2609 1560 2671 d
1592 2608 1699 2673 ma*
1727 2609 1872 2673 rolla
1916 2608 2147 2673 mulcato
2189 2608 2582 2692 saubkaqa‘ya,

898 2735 1017 2799 ubi
1062 2734 1261 2799 melle
1296 2734 1649 2799 inunctum
1691 2733 2060 2817 appellatur
2099 2733 2471 2803 amuletum
2484 2760 2504 2811 3
2537 2753 2671 2818 qua
2694 2752 2850 2820 vero
2873 2735 3134 2799 ratione
3209 2741 3218 2750 '

896 2859 1247 2925 coniuncta
1304 2863 1620 2941 putentur
1677 2858 2048 2927 amuletum
2111 2864 2175 2922 et
2231 2858 2353 2937 lac,
2416 2859 2585 2921 mihi
2646 2879 2782 2923 non
2843 2865 2940 2925 est
2988 2880 3135 2943 per-

898 2991 1215 3069 spectum.

984 3108 1182 3173 Bulla
1218 3128 1439 3188 aurea,
1479 3128 1683 3192 quam
1721 3110 2148 3191 patriciorum
2190 3109 2432 3174 liberos
2473 3110 2545 3171 in
2581 3110 2748 3175 collo
2773 3112 3133 3194 portavisse

900 3239 1135 3300 notum
1196 3238 1309 3314 est,
1378 3234 1616 3298 anulus
1681 3253 1924 3298 aureus
1991 3233 2295 3319 equitum
2364 3235 2824 3301 Romanorum
2874 3222 3131 3321 insigne

902 3358 1076 3423 haud
1115 3360 1245 3423 scio
1290 3377 1376 3422 an
1416 3359 1542 3423 huc
1585 3359 1683 3422 ita
1718 3360 2110 3442 pertineant,
2149 3364 2224 3423 ut
2259 3359 2548 3424 similem
2589 3362 2734 3424 auri
2765 3362 2837 3425 in
2870 3363 2954 3425 iis
2989 3364 3130 3426 vim

900 3486 1111 3549 videri
1152 3487 1475 3567 putemus.
1523 3483 1962 3549 Commoveor
2007 3485 2187 3548 enim
2235 3491 2301 3549 et
2339 3486 2544 3579 Plinii
2583 3486 2665 3549 H.
2692 3486 2775 3551 N.
2800 3488 3128 3567 XXXIII,

904 3612 972 3674 42
1018 3630 1309 3688 „aurum
1370 3610 1675 3695 plurimis
1720 3611 1930 3674 modis
1982 3611 2185 3694 pollet
2231 3612 2302 3674 in
2350 3614 2676 3677 remediis,
2724 3613 3131 3679 Vulneratis-

901 3754 1031 3818 que
1076 3740 1140 3799 et
1182 3704 1546 3801 infantibus
1590 3737 1978 3819 applicatur,
2025 3742 2100 3801 ut
2145 3737 2366 3801 minus
2411 3744 2711 3818 noceant,
2756 3758 2927 3823 quae
2969 3741 3132 3805 infe·

901 3867 1136 3925 rantur
1190 3862 1567 3941 veneficia”,
1626 3868 1692 3927 et
1753 3882 1848 3941 eo,
1909 3863 2084 3945 quod
2143 3864 2372 3927 fascini
2432 3864 2576 3929 loco
2623 3865 2902 3930 habetur
2947 3866 3134 3931 bulla

862 3966 1190 4069 'discique
1232 3987 1513 4052 lentisve
1557 3989 1698 4052 eius
1742 3992 1838 4053 est
1882 3989 2109 4073 figura,
2161 3994 2235 4053 ut
2281 3988 2672 4053 Plutarchus
2717 3991 2811 4055 ait
2862 3988 3128 4071 Quaest.

902 4111 1095 4175 Rom.
1141 4112 1294 4175 101:
1332 4113 1529 4185 .,οἰλλ’
1576 4110 1677 4194 δραι
1715 4112 1802 4191 μὴ
1847 4110 1949 4177 καὶ
1998 4116 2165 4177 τοῦτο
2217 4114 2331 4198 [sc.
2379 4113 2490 4185 τὰς
2539 4112 2834 4200 βούλλας]
2884 4114 2981 4179 διὰ
3025 4116 3131 4189 τὴν

904 4233 1147 4309 σελήνην
1203 4240 1453 4317 φοροῦσι.
1511 4237 1575 4302 τὸ
1624 4236 1739 4318 γὰρ
1784 4237 2134 4318 φαινόμενον
2180 4244 2402 4317 σχῆμκ
2447 4244 2552 4313 τῆς
2599 4237 2861 4314 σελήνης,
2909 4238 3049 4305 ὅταν
3096 4238 3129 4323 ᾖ

904 4356 1221 4439 διχόμηνος
1292 4362 1353 4425 οὐ
1398 4362 1774 4443 σφαιροειδές,
1830 4361 1996 4427 ἀλλὰ
2053 4362 2361 4443 φακοειδές
2423 4364 2545 4428 ἐστι
2605 4363 2709 4429 καὶ
2757 4364 3130 4440 δισκοειδές.”
