3325 5200
1500 533 1507 540 ’
1590 558 1715 619 124

536 768 749 851 capite
808 767 1357 850 comprehendere
1419 785 1499 830 ea
1556 786 1728 850 quae
1784 767 1865 831 de
1921 771 2214 850 tempore
2259 767 2761 850 jatakarmanis,

536 893 616 958 de
652 891 1116 976 jatakarmane
1152 893 1547 976 puellarum,
1587 893 1667 957 de
1705 893 1984 976 neglecti
2022 893 2282 976 piaculo
2307 893 2763 976 similibusque

534 1005 607 1082 in
662 1019 955 1083 fontibus
1010 1036 1402 1101 repereram.
1462 1019 1607 1082 Hoc
1660 1023 1923 1082 tantum
1969 1037 2106 1082 non
2149 1018 2326 1102 typis
2369 1019 2760 1082 mandatum

534 1144 802 1221 resecui,
848 1144 927 1208 de
969 1143 1103 1206 illis
1144 1144 1412 1226 posthac
1458 1162 1649 1226 agere
1687 1143 1990 1226 praetuli.
2031 1141 2203 1206 Cum
2243 1143 2422 1206 enim
2463 1148 2762 1226 tempora

535 1269 925 1352 urguebant,
978 1274 1121 1332 tum
1180 1270 1385 1332 satius
1439 1269 1758 1333 ducebam
1806 1270 1877 1331 in
1923 1273 2252 1352 posterum
2303 1287 2383 1332 ea
2427 1287 2761 1333 asservare

534 1413 749 1476 neque
806 1394 1327 1458 dissertationem
1394 1395 1756 1478 longiorem
1803 1395 2033 1473 facere,
2081 1413 2285 1476 quam
2329 1399 2396 1458 et
2438 1393 2652 1477 plac-et
2695 1399 2760 1457 et

536 1538 723 1582 meus
783 1520 906 1582 fert
962 1519 1249 1584 animus.
1306 1520 1463 1584 Sero
1522 1519 1870 1584 consilium
1919 1521 2177 1582 mutavi
2220 1539 2354 1603 qua
2396 1539 2469 1584 re
2511 1521 2757 1584 factum

536 1649 651 1722 est,
711 1650 787 1707 ut
844 1645 1165 1728 corrigere
1231 1645 1397 1706 mihi
1453 1664 1589 1709 non
1630 1644 1856 1709 liceret
1901 1645 1955 1708 si
1998 1645 2164 1708 forte
2205 1645 2278 1707 in
2315 1646 2762 1728 superioribus

536 1789 1045 1852 nonnumquam
1092 1771 1538 1835 revocaverim
1585 1771 1858 1835 lectores
1900 1771 1983 1834 ad
2027 1789 2126 1849 ea,
2171 1770 2250 1835 de
2293 1773 2534 1854 quibus
2569 1791 2762 1855 agere

536 1896 705 1959 mihi
740 1897 1148 1979 propositum
1184 1907 1342 1973 erat,
1382 1897 1451 1958 in
1491 1897 1688 1960 hocce
1720 1915 1875 1960 vero
1898 1895 2122 1960 libello
2146 1915 2280 1959 non
2304 1897 2759 1960 inveniuntur.

626 2019 798 2084 Cum
858 2021 1062 2104 igitur
1114 2021 1249 2083 iam
1297 2021 1368 2083 in
1418 2041 1493 2085 eo
1538 2022 1686 2099 sim,
1731 2027 1806 2084 ut
1849 2021 2047 2087 finem
2093 2021 2266 2084 hisce
2311 2021 2760 2085 lucubratiun-

536 2147 702 2211 culis
744 2147 1085 2230 imponam
1133 2147 1395 2210 animus
1451 2166 1557 2210 me
1602 2147 1905 2230 impellit,
1945 2152 2020 2210 ut
2053 2147 2296 2230 gratias
2331 2167 2522 2230 agam
2557 2167 2757 2230 quam

536 2273 865 2336 maximas
906 2273 1267 2356 promotori
1314 2293 1377 2336 v.
1402 2272 1481 2336 cl.
1526 2273 1727 2351 Kern,
1773 2273 1888 2356 qui
1933 2277 2094 2356 quot
2139 2273 2455 2336 beneficia
2497 2265 2650 2337 cum
2690 2274 2762 2335 in

535 2397 767 2462 studiis
814 2398 978 2461 meis
1019 2398 1482 2482 promovendis
1527 2403 1671 2462 tum
1719 2400 1791 2460 in
1839 2399 1961 2462 hac
1998 2391 2448 2463 dissertatione
2483 2400 2762 2462 conscri-

541 2521 751 2586 benda
815 2522 888 2585 in
953 2540 1062 2585 me
1121 2523 1431 2586 contulit!
1494 2523 1916 2607 Ignorantem
1978 2525 2217 2604 docuit,
2276 2525 2524 2588 incerto
2578 2526 2758 2588 viam

535 2649 947 2726 monstravit,
994 2648 1327 2712 labantem
1376 2650 1706 2728 sustinuit,
1741 2650 2022 2714 iuvenili
2056 2648 2286 2715 ardore
2319 2652 2759 2715 exsultantem

536 2774 842 2839 coercuit.
912 2773 1121 2838 Cuius
1187 2780 1263 2838 ut
1330 2781 1395 2839 et
1450 2776 1520 2839 in
1580 2777 1877 2839 futurum
1941 2795 2153 2859 neque
2213 2778 2493 2842 eruditio
2546 2796 2761 2860 neque

536 2900 832 2963 amicitia
890 2900 1056 2961 mihi
1117 2899 1348 2978 desint,
1384 2902 1601 2971 enixe
1660 2920 1839 2984 rogo.
1885 2901 2208 2965 Polliceor
2252 2907 2475 2966 autem
2519 2920 2659 2984 ego,
2707 2904 2761 2965 si

536 3026 695 3107 quid
750 3024 825 3087 in
888 3044 992 3089 me
1049 3026 1135 3089 sit
1190 3025 1568 3105 industriae,
1629 3026 1898 3105 ardoris,
1953 3028 2225 3111 ingenii,
2286 3028 2355 3090 id
2413 3028 2762 3110 praecipue

534 3138 901 3233 positurum
961 3169 1095 3215 esse
1154 3171 1261 3215 me
1320 3152 1391 3215 in
1450 3152 1533 3215 iis
1592 3152 1823 3215 studiis
1882 3171 2052 3235 quae
2110 3162 2454 3217 versantur
2498 3154 2570 3216 in
2612 3153 2760 3216 illu·

535 3276 813 3339 strandis
834 3276 1096 3359 linguis,
1120 3277 1437 3355 moribus,
1452 3277 1881 3361 religionibus
1897 3296 2124 3342 earum
2139 3277 2459 3361 gentium,
2475 3297 2758 3361 quarum

1721 3404 1918 3467 facies
1960 3423 2096 3467 non
2141 3404 2448 3468 omnibus
2494 3423 2629 3467 una

710 3524 846 3589 Nec
890 3526 1146 3590 diversa
1188 3532 1433 3606 tamen,
1479 3528 1746 3611 qualem
1790 3529 1973 3593 decet
2016 3522 2515 3595 esse-sororum.
