3325 5200
1595 595 1674 656 11

517 824 664 890 pag.
707 805 1080 888 233—245)
1117 805 1407 888 collegit,
1448 804 1847 896 Qaunakum
1888 825 2064 869 anno
2102 805 2747 887 quadringentesimo

465 905 470 908 ²
519 935 675 994 ante
720 928 876 994 chr.
921 950 1010 1008 n.,
1049 930 1336 1013 reliquos
1375 931 1536 994 duos
1572 931 1833 995 circiter
1868 931 2351 1013 quinquaginta
2387 929 2580 991 annis
2607 935 2751 1011 post

480 1085 485 1090 ·
518 1056 731 1134 fuisse,
770 1074 918 1119 eam
955 1056 1280 1120 rationem
1320 1057 1828 1139 improbandam
1871 1075 2027 1134 esse,
2070 1061 2133 1120 et
2157 1076 2198 1118 a
2219 1055 2421 1138 priori
2446 1055 2747 1118 manifes-

523 1189 666 1246 tum
708 1187 803 1247 est
845 1181 1224 1263 (Euhemeri
1261 1184 1440 1246 enim
1481 1203 1687 1260 more,
1722 1203 1857 1246 non
1881 1202 1997 1246 suo
2024 1183 2117 1246 ibi
2142 1182 2662 1264 argumentatur)
2690 1184 2755 1244 et

523 1309 955 1372 Goldstiicker
990 1309 1084 1373 1.1.
1123 1328 1270 1392 pag.
1307 1308 1734 1372 80-84111012,
1760 1309 2000 1372 clarius
2023 1307 2513 1372 demonstravit.
2538 1304 2753 1386 Quem

523 1455 672 1498 cum
721 1435 1042 1517 legissem,
1091 1454 1188 1512 ea,
1233 1405 1413 1517 quae*
1446 1434 1583 1496 iam
1629 1433 2015 1516 scripseram
2061 1433 2144 1496 ad
2187 1432 2452 1496 Mulleri
2498 1436 2753 1494 senten-

523 1561 684 1624 tiam
725 1560 1190 1623 infirmandam
1233 1560 1638 1642 supprimere
1677 1559 1931 1623 decrevi
1949 1584 1968 1635 3
2010 1558 2177 1621 nihil
2202 1558 2378 1621 enim
2406 1556 2754 1631 habebam,

419 1723 422 1726 -
523 1686 697 1768 quod
755 1685 1082 1760 adderem,
1143 1704 1368 1767 eaque,
1431 1703 1600 1767 quae
1654 1684 1955 1766 equidem
2016 1687 2206 1747 caute
2252 1683 2620 1765 attigeram,
2659 1681 2754 1744 ibi

527 1811 714 1875 bonis
773 1811 1179 1894 argumentis
1242 1811 1504 1873 munita
1547 1810 1981 1892 reperiebam.
2028 1806 2443 1891 Quapropter
2486 1807 2759 1871 lectores

524 1936 720 1999 huius
763 1935 1166 2018 quaestionis
1211 1936 1498 1998 curiosos
1542 1935 1624 1997 ad
1670 1935 1847 1998 locos
1890 1934 2187 1998 laudatos
2232 1934 2461 1997 refero.

611 2060 738 2124 Sed
797 2080 882 2124 ne
942 2061 1064 2124 hoc
1123 2060 1390 2142 quidem
1454 2060 1620 2122 mihi
1679 2064 1979 2123 constare
2036 2058 2295 2122 videtur
2352 2049 2758 2120 venerabiles

521 2187 670 2251 illos
727 2187 1370 2270 sapientissimosque
1429 2187 1626 2264 viros,
1686 2186 1801 2268 qui
1858 2185 2219 2268 grhyorum
2278 2184 2621 2266 scriptores
2673 2183 2759 2246 ab

523 2311 700 2376 Indis
735 2312 1181 2395 perhibentur,
1219 2330 1290 2375 re
1329 2329 1487 2375 vera
1522 2311 1738 2374 fuisse.
1776 2309 1927 2374 Non
1967 2310 2181 2374 solum
2220 2309 2397 2372 enim
2434 2307 2759 2390 mytholo-

522 2437 699 2520 giam
740 2437 948 2519 magis
984 2455 1184 2518 quam
1228 2437 1569 2498 historiam
1608 2436 1897 2498 referunt
1938 2454 2035 2512 ea,
2076 2453 2246 2516 quae
2284 2434 2363 2497 de
2389 2433 2469 2496 iis
2494 2433 2757 2496 tradun-

525 2568 651 2639 tur,
695 2563 803 2626 sed
840 2562 986 2645 plus
1025 2567 1140 2626 est.
1182 2559 1428 2626 Omnia
1461 2561 1737 2626 enimin
1761 2560 1956 2645 usqam
1980 2560 2345 2624 desinentia
2369 2563 2522 2623 sunt
2545 2562 2759 2642 patro·

525 2688 794 2769 nymica
835 2692 899 2750 et
929 2686 1285 2769 gentilicia,
1311 2706 1445 2749 non
1471 2686 1670 2748 unius
1693 2691 1953 2749 tantum
1982 2685 2267 2748 hominis
2293 2682 2364 2767 ¹),
2388 2684 2565 2766 quod
2586 2684 2760 2746 idem

527 2814 724 2877 etiam
792 2813 871 2876 de
932 2811 1254 2900 Qaunako
1300 2808 1352 2895 ²)
1403 2818 1466 2876 et
1517 2800 1921 2895 Xpastambo
1968 2809 2019 2895 3)
2067 2812 2272 2875 valet:
2320 2811 2518 2874 multi
2561 2809 2765 2892 igitur

526 2941 704 3003 fuere
725 2928 1158 3022 Kcvalayani,
1180 2937 1641 3026 Qankhayani,
1663 2938 2063 3019 Katyayani,
2086 2937 2207 3001 alii·
2227 2937 2497 3000 diversis
2520 2935 2761 2999 diversi

527 3064 824 3126 viventes
884 3063 1306 3145 temporibUS,
1367 3063 1559 3126 sicuti
1619 3062 1794 3145 apud
1853 3061 2191 3125 Romanos
2246 3061 2422 3138 Iulii,
2468 3059 2761 3137 Aemilii,

541 3254 594 3261 .—
612 3254 916 3260 -.—.—....-.-—.

598 3366 636 3428 ¹)
678 3364 758 3419 Cf.
799 3363 1004 3427 Weber,
1041 3364 1188 3418 Stud.
1223 3364 1336 3418 Iud.
1373 3366 1436 3429 V,
1474 3382 1591 3435 pag.
1625 3366 1691 3420 95
1725 3381 1843 3419 cum
1876 3370 2071 3430 annot„
2107 3366 2199 3421 ubi
2236 3367 2364 3421 haec
2399 3384 2461 3421 ex
2485 3366 2763 3421 Turnourii

526 3454 817 3508 Introduct.
853 3454 918 3507 ad
951 3454 1299 3509 Mahawanso
1333 3456 1587 3509 citantur:
1623 3458 1895 3510 Kaccassa
1929 3474 2183 3527 apaccam
2219 3459 2554 3527 Καεσᾶῃαηο,
2584 3459 2763 3511 Kacco

528 3554 575 3597 te
625 3546 744 3598 kira
795 3546 986 3598 tasmz'n
1031 3555 1170 3614 θυαε
1206 3548 1664 3615 pathamapuriw,
1714 3549 2139 3617 tappabhavantd
2183 3549 2507 3602 tabbamse‘lco‘i
2546 3550 2763 3603 sabbeva

517 3636 854 3705 Kaccdyanc‘i
875 3636 1016 3705 jaid,
1055 3636 1090 3688 i.
1123 3653 1168 3690 e.
1199 3637 1568 3705 „Kaccdyana
1587 3640 1669 3690 est
1688 3638 1904 3701 „Kacco
1933 3638 2241 3704 oriundus”;
2264 3639 2467 3692 Kaccus
2496 3639 2635 3692 enim
2653 3639 2764 3692 eius

527 3728 754 3781 familiae
789 3727 987 3796 primus
1021 3727 1187 3797 (fuit),
1223 3727 1377 3781 huius
1409 3728 1623 3796 posteri,
1660 3729 1904 3797 quoniam
1938 3729 1995 3783 in
2022 3730 2176 3783 huius
2202 3734 2325 3784 sunt
2352 3729 2565 3793 familia,
2587 3746 2765 3784 omnes

529 3819 822 3888 Kaccayani
855 3818 984 3875 facti
1023 3819 1180 3875 sunt”
1213 3820 1396 3871 Kacca
1431 3822 1609 3873 autem
1644 3820 1807 3887 palice
1842 3821 2121 3889 respondet
2160 3836 2352 3875 sanscr.
2388 3822 2581 3889 Kdtya.

595 3912 638 3977 ²)
675 3909 908 3983 Qaunaki
941 3925 1129 3963 nomen
1161 3909 1579 3979 patronymicum
1611 3926 1740 3974 esse,
1779 3914 1834 3965 et
1870 3911 2064 3965 Weber
2087 3912 2158 3965 1.1.
2190 3928 2304 3981 pag.
2346 3913 2453 3975 126,
2488 3928 2608 3965 ann.
2646 3913 2696 3977 (*
2713 3913 2761 3978 *)

532 4000 760 4055 indicare
811 3999 1020 4055 videtur
1069 4003 1124 4053 et
1175 4000 1406 4074 Qaunaki
1457 4000 1600 4054 inter
1632 4000 1738 4054 alia
1776 4017 1961 4055 carana
1995 4001 2051 4056 in
2084 4001 2457 4071 Caranavyfiho
2490 4002 2766 4056 memorati

533 4092 658 4161 (vid.
713 4092 860 4147 Mffll.
911 4091 983 4146 1.1.
1028 4108 1144 4161 pag.
1193 4093 1310 4157 375)
1360 4092 1660 4159 affirmant3
1708 4096 1823 4147 tum
1869 4097 1924 4147 et
1969 4094 2313 4163 grammatica
2360 4094 2613 4163 postulat.
2666 4094 2763 4158 (Cf.

533 4184 660 4237 Pan.
702 4183 796 4248 IV,
843 4184 890 4247 3,
938 4185 1031 4237 106
1063 4187 1120 4237 et
1153 4199 1342 4252 ganam
1380 4182 1609 4248 Vidfidi).
1646 4185 1780 4239 Cum
1814 4185 1983 4239 forma
2016 4185 2277 4255 gentilicii
2309 4185 2533 4239 nominis
2566 4186 2632 4239 cf.
2667 4186 2764 4260 Qa-
2785 4214 2797 4231 .-

532 4276 682 4329 kunt.
714 4276 836 4329 Act.
867 4275 912 4338 1,
952 4277 1089 4343 [pag.
1125 4276 1171 4338 5,
1202 4274 1259 4327 in
1286 4275 1375 4327 fin.
1405 4274 1481 4328 ed.
1509 4274 1721 4343 Bomb.]
1752 4278 1920 4339 „etthi
1944 4276 2081 4329 1εοὐί
2094 4278 2305 4329 kosiotti
2316 4276 2764 4346 qottandmahe0,”

533 4368 568 4422 i.
597 4384 641 4422 e.
671 4370 798 4431 „est
831 4367 1022 4437 aliquis
1053 4368 1261 4421 nomine
1294 4367 1470 4437 gentis
1506 4368 1741 4437 Kaucika
1776 4368 2121 4437 appellatu8.”

597 4462 643 4526 ³)
696 4459 1020 4528 Quamquam
1069 4458 1126 4512 in
1179 4459 1552 4528 Caranavyfiho
1587 4459 1870 4515 secundum
1905 4459 2053 4514 Men.
2087 4476 2204 4530 pag.
2235 4460 2332 4514 371
2367 4474 2557 4514 nomen
2592 4457 2769 4513 cerani
