3325 5200
1308 618 1345 683 :3
1896 655 1911 693 .

210 833 356 897 nias
419 831 763 917 complecti
828 833 1104 912 decrevi,
1173 855 1342 917 quae
1411 836 1496 898 ad
1566 857 1773 901 novos
1832 839 2163 922 pertinent
2238 844 2445 918 natos,

209 966 355 1044 post
400 980 526 1038 eaS,
565 980 728 1042 quas
765 960 1006 1023 Miiller
1045 961 1400 1045 explicavit
1438 967 1503 1025 et
1543 960 1743 1041 HaaS,
1783 965 1922 1027 sine
1963 966 2161 1029 dubio
2202 985 2447 1029 memo-

209 1093 360 1150 ratu
418 1087 852 1169 dignissimae,
909 1086 1138 1169 dignas
1187 1089 1390 1151 etiam
1439 1090 1814 1170 cognitione
1861 1110 2109 1168 eorum,
2159 1091 2272 1173 qui
2323 1090 2446 1152 lin-

207 1231 376 1295 guae
415 1213 844 1276 Sanscriticae
883 1213 1096 1294 ignari
1128 1213 1280 1289 „nil
1321 1214 1598 1276 humani
1639 1234 1679 1276 a
1717 1234 1784 1277 se
1819 1215 2157 1278 alienum”
2194 1221 2445 1298 putent.

209 1337 440 1420 Neque
478 1338 549 1399 in
587 1337 895 1420 ignobilis
926 1339 1319 1420 ignotaeque
1352 1340 1564 1421 gentis
1604 1342 1991 1404 ceremoniis
2014 1342 2445 1419 versabimur,

211 1482 382 1545 quae
441 1463 611 1525 nihil
671 1463 756 1524 ad
813 1483 950 1540 noe,
1014 1463 1126 1526 sed
1184 1464 1258 1525 in
1320 1464 1480 1542 eius,
1541 1483 1713 1546 quae
1776 1470 1917 1530 arto
1965 1466 2307 1529 nobiscum
2353 1472 2450 1529 est

211 1589 562 1650 coniuncta
608 1587 909 1665 vinculo;
956 1609 1090 1652 non
1136 1589 1351 1652 solum
1399 1590 1577 1652 enim
1625 1591 1884 1673 linguas
1932 1589 2247 1654 Ariarum
2295 1611 2446 1684 gen-

210 1714 381 1778 tium
446 1713 1067 1795 -mythologiamque
1137 1733 1178 1775 a
1239 1715 1580 1778 communi
1650 1716 1852 1798 stirpe
1926 1735 2061 1780 esse
2126 1717 2447 1799 profectas

212 1839 487 1916 scimus3
526 1839 662 1900 iam
703 1857 966 1901 morum
1008 1844 1074 1902 et
1111 1839 1332 1922 legum
1375 1840 1550 1921 apud
1589 1840 1879 1923 singulas
1917 1834 2243 1924 principia
2273 1841 2449 1904 haud

211 1965 468 2026 diversa
523 1964 718 2027 fuisse
780 1963 1341 2026 verisimillimum
1408 1969 1538 2041 est3
1588 1985 1671 2028 ex
1716 1985 1849 2028 uno
1898 1966 2257 2048 eodemque
2306 1967 2446 2030 foco

213 2094 470 2152 sanctos
528 2089 712 2172 ignes
757 2089 827 2150 in
875 2108 1062 2152 suam
1108 2108 1408 2171 quaeque
1453 2091 1790 2172 regionem
1838 2095 2306 2173 transportasse
2354 2091 2449 2158 vi-

215 2214 422 2278 detur.
487 2211 734 2294 Quodsi
783 2213 1092 2296 temporis
1139 2218 1354 2276 tractu
1402 2214 1614 2276 multa
1659 2219 1775 2276 aut
1822 2214 2113 2278 obsoleta
2157 2234 2290 2278 esse
2335 2219 2450 2277 aut

212 2337 614 2400 intercidisse
661 2341 933 2414 constat,
979 2357 1112 2400 non
1163 2337 1396 2400 desunt
1432 2339 1728 2420 vestigia,
1768 2357 1937 2420 quae
1972 2339 2039 2402 id
2080 2340 2448 2417 ostendunt,

213 2462 389 2544 quod
447 2463 828 2540 statuimus3
890 2463 962 2524 in
1024 2464 1408 2545 nuptiarum
1477 2469 1540 2526 et
1603 2469 2015 2527 mortuorum
2062 2465 2451 2528 ceremoniis

213 2588 455 2671 passim
516 2588 936 2671 reperiuntur
1000 2583 1072 2671 1).
1136 2585 1445 2652 Conabor
1487 2588 1709 2671 igitur,
1757 2589 1873 2653 ubi
1919 2610 2021 2653 res
2064 2592 2301 2672 poscet,
2346 2588 2449 2651 In-

215 2714 446 2777 dorum
493 2733 656 2795 quas
695 2715 1105 2798 expositurus
1143 2734 1288 2776 sum
1331 2734 1657 2777 novorum
1698 2719 2005 2778 natorum
2048 2715 2452 2778 ceremonias

215 2857 594 2921 comparare
641 2858 793 2903 cum
841 2838 1168 2903 similibus
1214 2839 1388 2921 apud
1436 2843 1745 2921 cognatas
1787 2844 2029 2921 gentes,

301 2964 520 3027 Pauca
581 2964 659 3028 de
705 2969 1036 3029 sutrorum
1083 2983 1319 3047 genere
1363 2967 1428 3027 et
1476 2964 1730 3027 ratione
1774 2964 2058 3047 praefari
2102 2964 2285 3029 libet.
2334 2965 2451 3028 Su-

216 3081 490 3183 trorum,
537 3109 708 3171 quae
753 3091 958 3153 ritum
1005 3109 1390 3172 moremque
1432 3090 1790 3169 continent,
1836 3091 1961 3153 tria
2000 3095 2153 3154 sunt
2189 3110 2449 3174 genera,

215 3220 450 3295 crauta,
504 3216 696 3299 yrkya
756 3219 820 3278 et
879 3214 1506 3299 sdmaydccffirilcaszt'tra.
1566 3217 1670 3280 Ex
1732 3216 1833 3279 his
1893 3217 2118 3280 omnia
2170 3217 2453 3300 pendere

216 3341 546 3419 videntur,
609 3360 780 3423 quae
840 3341 975 3404 alia
1033 3342 1386 3405 innumera
1445 3342 1524 3405 de
1577 3342 1760 3423 kalpa
1809 3340 1989 3426 (ritu)
2040 3346 2105 3405 et
2152 3342 2231 3405 de
2276 3341 2453 3426 dedra

223 3464 455 3549 (more)
521 3465 918 3529 brahmanes
979 3470 1044 3529 et
1103 3467 1349 3548 panditi
1418 3467 1974 3549 scriptitaverunt.
2054 3466 2132 3529 In
2200 3472 2451 3551 crauta·

218 3591 415 3653 sutris
474 3581 931 3654 describuntur
989 3591 1305 3654 sacrificia
1363 3576 1630 3673 publica
1694 3596 1759 3654 et
1821 3611 1899 3654 ea
1956 3591 2235 3674 privata,
2282 3610 2452 3674 quae

217 3714 430 3779 tribus
475 3714 688 3778 solent
730 3716 872 3779 fieri
916 3702 1201 3799 ignibus
1249 3712 1486 3779 Cetera
1529 3716 1849 3779 sacrificia
1891 3716 2151 3799 privata
2197 3736 2451 3780 omnes-

287 3947 324 4010 ι)
361 3946 629 4015 Imprimis
674 3946 727 4000 in
763 3948 1114 4001 Romanorum
1151 3947 1295 4002 cultu
1327 3947 1466 4001 haud
1500 3963 1663 4016 pauca
1698 3936 1853 4012 sunt,
1871 3963 2002 4016 quae
2030 3947 2281 4001 Indorum
2316 3962 2455 4001 cere-

217 4037 409 4091 moniis
454 4044 610 4106 quam
655 4038 878 4091 maxime
927 4038 1119 4091 similia
1168 4054 1281 4092 esse
1331 4038 1670 4092 manifestum
1717 4041 1815 4091 est.
1862 4038 1978 4091 Iam
2028 4054 2103 4101 ea,
2140 4054 2271 4107 quae
2306 4038 2457 4093 Cole-

217 4127 427 4191 brooke,
455 4128 537 4181 vir
561 4128 786 4181 maxime
815 4129 1068 4198 seq-regim,
1095 4129 1251 4182 initio
1283 4129 1437 4182 huius
1470 4129 1648 4193 seculi,
1683 4144 1799 4181 cum
1828 4129 2143 4201 grhyasutra
2170 4129 2454 4198 Europaeis

218 4218 446 4271 nondum
489 4222 746 4287 paterent,
801 4219 1149 4273 recentiorum
1193 4218 1489 4272 libellorum
1542 4234 1637 4286 ope
1688 4218 1750 4271 de
1785 4219 2085 4286 nuptiarum
2121 4218 2256 4286 apud
2292 4218 2453 4271 Indos

217 4310 326 4363 ritu
347 4310 403 4363 in
420 4310 682 4364 volumine
700 4294 885 4379 quinto
905 4313 959 4363 et
979 4310 1202 4378 septimo
1221 4310 1455 4371 „Asiatic
1473 4308 1823 4362 Researches''
1838 4310 2063 4377 scripsit,
2078 4308 2457 4363 Rossbachium
2488 4378 2499 4386 ἱ

216 4399 512 4463 movebant,
549 4404 610 4454 ut
643 4401 698 4453 in
735 4400 1007 4454 excellenti
1037 4400 1394 4469 disputatione
1429 4416 1536 4463 sua,
1579 4416 1710 4468 quae
1747 4404 1829 4453 est
1864 4399 2037 4462 „liber
2066 4400 2149 4453 die
2179 4399 2457 4454 Romische

219 4491 366 4545 Ehe''
401 4492 534 4544 hanc
568 4491 967 4551 similitudinem
1003 4491 1058 4544 in
1093 4491 1393 4559 nuptiarum
1428 4490 1735 4544 ceremoniis
1771 4487 2040 4544 indicaret.
