3325 5200
1603 583 1726 653 111

632 800 885 880 Persae,
931 808 1004 866 ut
1042 801 1143 864 his
1179 802 1668 880 concludamus,
1701 822 1818 884 pro
1846 801 2485 886 arctiore-sanguinis
2512 802 2780 868 vinculo

546 929 822 992 minime
866 929 936 990 in
981 933 1200 992 nostro
1249 933 1657 992 sacramento
1705 929 1792 990 ab
1837 927 2016 992 Indis
2063 929 2328 993 distant.
2371 929 2476 992 Ab
2513 929 2648 992 illis
2684 930 2787 994 lac

545 1054 649 1116 vel
711 1055 910 1116 homa
965 1073 1191 1117 recens
1250 1059 1407 1117 nato
1450 1053 1734 1118 dabatur
1783 1053 1940 1134 (vid.
1981 1053 2136 1118 Max
2173 1054 2506 1132 Duncker,
2548 1053 2778 1120 Gesch.

546 1180 665 1244 der‘
703 1180 913 1257 Arier,
956 1199 1103 1264 pag.
1155 1179 1330 1262 185).

632 1305 833 1369 Plura
890 1306 1174 1388 profecto
1244 1311 1309 1368 et
1377 1305 1653 1368 meliora
1721 1305 2124 1370 extrinsecus
2182 1305 2398 1370 afferri
2459 1310 2781 1388 poterant,

544 1431 784 1512 quibus
830 1431 1194 1494 illustretur
1238 1431 1555 1495 Indorum
1602 1431 1769 1494 ritus
1781 1456 1798 1508 3
1847 1431 1994 1494 dedi
2040 1436 2266 1494 autem
2305 1450 2474 1513 quae
2511 1432 2786 1495 inventa

545 1557 776 1634 habeO,
822 1575 1035 1638 neque
1079 1576 1195 1638 pro
1243 1556 1496 1638 exiguis
1524 1556 1710 1618 meis
1755 1561 1819 1619 et
1853 1555 2154 1619 doctriua
2193 1561 2256 1619 et
2293 1557 2604 1620 historiae
2643 1575 2780 1620 mo-

544 1701 825 1764 rumque
872 1702 996 1744 usu
1042 1681 1198 1744 satis
1242 1681 1373 1744 alte
1420 1682 1489 1744 in
1539 1681 1750 1763 ipsam
1797 1681 2005 1744 vit-am
2053 1681 2447 1764 populorum
2487 1701 2652 1764 quos
2688 1701 2786 1753 re·

546 1808 770 1873 censui
826 1813 1170 1890 penetrare
1232 1807 1492 1870 licebat.
1556 1807 1899 1870 Sufficiunt
1945 1812 2189 1884 tamen,
2235 1807 2475 1888 quibus
2519 1806 2786 1870 demon·

545 1939 844 2012 stremuS,
890 1953 1041 1996 cum
1089 1933 1471 1996 communia
1510 1933 1686 1994 vit-ae
1735 1930 2039 2013 symbola
2081 1931 2278 1997 fuisse
2318 1931 2548 1994 multis
2579 1932 2786 2031 genti-

546 2061 686 2137 buS,
752 2064 894 2122 tum
955 2059 1154 2136 Indis,
1203 2059 1435 2136 PersiS,
1482 2058 1814 2121 veteribus
1861 2055 2254 2120 Christianis
2301 2076 2436 2121 esse
2483 2058 2617 2120 cibi
2663 2057 2784 2118 ini-

546 2186 851 2248 tiationes
907 2189 1165 2248 tantum
1224 2204 1360 2248 non
1410 2183 1693 2248 easdem.
1741 2183 1958 2268 Grave
2004 2188 2250 2261 autem,
2298 2183 2476 2265 quod
2516 2184 2784 2266 indaga·

546 2311 783 2386 vimus,
846 2309 1103 2372 Iudaeis
1170 2313 1235 2372 et
1299 2308 1649 2385 Arabibus,
1713 2308 2026 2372 semiticis
2089 2308 2400 2391 gentibus
2465 2327 2587 2390 par
2651 2327 2786 2372 esse

546 2409 947 2515 symbolum,
1008 2453 1235 2517 parem
1294 2435 1559 2498 fortasse
1620 2435 1826 2498 ritum
1887 2453 2038 2497 cum
2100 2435 2256 2496 ariis
2316 2433 2783 2517 compluribus,

546 2560 600 2621 si
667 2579 800 2623 non
870 2578 1023 2623 cum
1084 2560 1411 2625 omnibus
1474 2557 1661 2639 Quae
1721 2559 1862 2623 eius
1921 2559 2365 2624 consensionis
2421 2560 2503 2623 sit
2563 2578 2778 2639 causa,

547 2692 772 2750 utrum
810 2686 1152 2749 fortuitum
1193 2690 1520 2767 putemus,
1561 2705 1648 2747 an
1679 2704 1720 2748 a
1750 2686 1964 2749 Persis
1985 2686 2304 2767 accepisse
2329 2684 2781 2749 existimemus

544 2810 695 2873 illos
730 2809 1053 2891 symbola,
1094 2810 1447 2875 traditione
1480 2829 1682 2888 sacra,
1717 2830 1836 2874 sua
1871 2810 2102 2893 lingua
2123 2810 2300 2873 haud
2324 2810 2782 2893 intellegenda,

546 2954 631 2997 an
680 2936 889 3017 magis
937 2936 1052 2999 hos
1096 2935 1433 2999 tradidisse
1475 2936 1628 3013 illis,
1668 2954 1802 2999 non
1843 2936 2049 3017 liquet
2085 2936 2252 2999 mihi
2292 2955 2409 3018 pro
2451 2936 2610 2999 exili
2636 2955 2786 3000 mea

546 3061 924 3143 linguarum
992 3066 1056 3125 et
1122 3062 1301 3124 vitae
1361 3061 1694 3124 semiticae
1756 3060 2050 3124 scientia.
2122 3059 2350 3141 Neque
2412 3060 2780 3139 decernam,

548 3184 991 3250 Christianine
1038 3206 1079 3249 a
1122 3187 1334 3249 Persis
1378 3186 1597 3269 potius
1643 3204 1844 3267 quam
1893 3204 1934 3247 a
1973 3185 2232 3249 Iudaeis
2264 3186 2388 3249 sibi
2427 3186 2780 3251 sumserint

546 3312 785 3389 „lactis
846 3310 1190 3394 mellisque
1248 3310 1732 3376 concordiam”.
1793 3310 1918 3373 Sed
1951 3299 2118 3374 'ariis
2173 3311 2476 3393 gentibus
2531 3330 2774 3375 nomen

546 3444 619 3501 ut
684 3438 757 3499 fit
820 3438 1070 3520 peperit
1136 3438 1538 3518 symbolum.
1607 3437 1914 3519 Namque
1975 3458 2105 3502 vox
2167 3438 2382 3501 madbu
2440 3457 2570 3520 quo
2641 3439 2774 3503 mel

545 3582 785 3626 sanscr.
833 3567 1273 3646 nuncupatur,
1320 3563 1580 3646 proprie
1626 3567 1722 3626 est
1766 3562 1895 3627 adi.
1944 3563 2010 3624 vi
2058 3563 2344 3655 „·dulciS,
2391 3564 2629 3643 suavis,
2676 3565 2775 3627 iu·

544 3688 807 3767 cundi”,
869 3707 1083 3772 neque
1150 3708 1300 3753 raro
1361 3689 1453 3752 ita
1508 3694 1882 3772 usurpatur.
1931 3689 2256 3772 Exempla
2299 3691 2411 3754 dat
2455 3691 2610 3754 Lex.
2635 3692 2774 3756 Pet.

546 3834 593 3877 s.
631 3834 693 3876 v.
762 3820 826 3879 et
892 3816 1271 3897 composita,
1343 3815 1550 3879 veluti
1618 3815 1968 3895 madhufeut
2027 3815 2273 3892 „dulce
2335 3814 2811 3899 profundens’'·

544 3939 892 4005 affirmant.
951 3941 1168 4003 Subst.
1229 3940 1433 4021 igitur
1492 3940 1606 4004 ubi
1656 3921 1752 4003 est
1797 3941 1870 4001 in
1915 3940 2131 4017 Vedis,
2176 3940 2566 4022 plerumque
2611 3940 2774 4005 adeo

545 4064 675 4127 late
712 4069 909 4147 patet,
950 4070 1024 4129 ut
1060 4066 1509 4148 cuiuscunque
1546 4066 1802 4149 generis
1838 4065 2110 4142 „bona”
2135 4084 2212 4129 eo
2233 4066 2670 4149 appellentur.
2695 4066 2770 4129 In

543 4189 847 4253 feralium
882 4191 1169 4272 quadam
1208 4191 1584 4254 ceremonia
1614 4191 1948 4254 recitanda
1980 4196 2134 4255 sunt
2155 4190 2320 4275 Rgv.
2346 4191 2399 4270 1,
2435 4192 2539 4269 90,
2567 4193 2770 4255 6--82

808 4317 1024 4379 madhu
1067 4316 1217 4378 va‘td
1249 4316 1485 4399 rtdyate
1528 4318 1744 4381 madku
1788 4317 2103 4380 kehar-anti
2143 4316 2478 4380 sindhavah

1158 4439 1425 4505 mddkz·‘i'r
1464 4443 1589 4504 nah
1637 4464 1744 4505 san
1753 4449 1813 4505 tr
1857 4440 2108 4506 oskarlhi'
2115 4444 2157 4504 h
