3325 5200
1870 587 1952 650 38

800 800 939 865 sive
1011 818 1274 883 prorsus
1352 817 1487 862 non
1560 798 1785 863 insint.
1862 798 2113 861 Verum
2189 797 2245 860 si
2319 797 2469 879 quis
2549 796 2789 860 idcirco
2868 797 3039 858 aeta-

800 932 933 990 tem
1011 926 1114 987 his
1189 925 1436 988 dederit
1507 925 1841 1001 seriorem,
1905 942 2107 1005 quam
2178 941 2314 1004 qua
2379 922 2712 986 Vedorum
2782 939 3041 1004 compo-

800 1050 908 1114 siti
974 1055 1126 1112 sunt
1187 1050 1445 1130 hymni,
1510 1050 1567 1112 is
1630 1037 2028 1134 magnopere
2090 1046 2426 1112 erraverit.
2496 1047 2787 1132 Tantum
2858 1047 3039 1111 enim

801 1176 1003 1253 abest,
1063 1180 1138 1238 ut
1197 1178 1498 1257 quatuor,
1563 1192 1727 1256 quas
1788 1173 2115 1252 novimus,
2166 1173 2498 1237 Vedorum
2548 1171 3043 1237 collectionibus

805 1294 1134 1384 (samhitis)
1185 1300 1411 1364 omnia
1456 1300 1938 1377 contineantur,
1976 1317 2147 1381 quae
2187 1298 2502 1362 Indorum
2541 1300 2774 1381 poetae
2814 1297 2885 1359 in
2918 1297 3042 1360 hoc

802 1445 1038 1510 genere
1074 1424 1450 1504 cecinerint,
1489 1429 1564 1487 ut
1600 1425 1819 1507 potius
1857 1424 2371 1489 existimandum
2416 1424 2520 1502 sit,
2567 1424 2938 1508 fragmenta
2964 1442 3043 1486 ea

807 1569 1134 1633 superesse
1187 1570 1270 1614 ex
1313 1551 1565 1633 ingenti
1612 1550 2016 1631 hymnorum
2064 1569 2298 1614 acervo
2342 1549 2661 1632 singulari
2705 1520 3043 1632 religionis

809 1695 966 1738 cura
1003 1675 1351 1757 diligenter
1389 1675 1729 1757 hucusque
1766 1680 2051 1739 servata:
2083 1674 2234 1738 Non
2257 1675 2460 1758 igitur
2483 1674 2677 1738 aliter
2699 1675 2854 1739 licet
2875 1674 3043 1738 iudi-

810 1819 958 1864 care
1017 1800 1096 1862 de
1155 1800 1238 1862 iis
1297 1800 1596 1878 mantriS,
1658 1800 1898 1882 quibus
1948 1820 2141 1864 suum
2188 1800 2262 1862 in
2307 1799 2590 1862 samhitis
2633 1798 2852 1862 locum
2899 1799 3043 1862 vin-

810 1926 1027 1988 dicare
1079 1925 1442 2002 valeamuS,
1506 1929 1705 2006 atque
1764 1923 1841 1988 de
1884 1925 1987 2003 iis,
2026 1943 2197 2008 quae
2234 1925 2362 1988 nisi
2410 1943 2490 1988 ex
2536 1924 2732 1987 sutris
2777 1923 3045 1988 aliunde

811 2068 944 2113 non
997 2053 1150 2112 sunt
1193 2054 1371 2113 nota.
1419 2049 1498 2110 In
1541 2050 2029 2132 interpretando
2075 2069 2252 2128 vem,
2298 2051 2415 2114 ubi
2463 2050 2569 2114 vel
2614 2050 3044 2133 comparatio-

811 2195 964 2239 nem
1020 2163 1380 2238 admittunt
1425 2194 1577 2238 cum
1624 2175 1953 2240 similibus
1996 2194 2166 2260 quae
2210 2177 2282 2238 in
2326 2175 2601 2238 sanhitis
2646 2176 2892 2254 insunt,
2936 2174 3045 2239 vel

811 2302 895 2364 ad
968 2302 1246 2365 verbum
1306 2301 1402 2364 ibi
1459 2301 1896 2382 reperiuntur,
1958 2320 2036 2366 ea
2096 2301 2547 2384 opportunitas
2612 2301 2891 2362 minime
2950 2305 3046 2363 est
3136 2323 3141 2327 ·

814 2427 1195 2509 spernenda.
1267 2427 1470 2508 Saepe
1538 2427 1717 2489 enim
1778 2427 2078 2491 videmus
2144 2428 2217 2488 in
2284 2427 2673 2491 ceremoniis
2743 2427 3044 2510 usurpari

812 2555 1126 2630 mantrOS,
1189 2554 1304 2614 aut
1367 2551 1505 2613 iam
1551 2570 1667 2633 per
1712 2570 1779 2617 se
1824 2551 2297 2635 significatione
2342 2551 2499 2615 satis
2551 2552 2881 2635 ambigua,
2931 2557 3047 2615 aut

814 2674 988 2759 quod
1052 2676 1280 2759 paucis
1341 2680 1638 2740 constent
1696 2677 2012 2755 versibUS,
2073 2677 2286 2759 iisque
2347 2696 2429 2740 ex
2491 2677 2688 2740 unius
2754 2675 3048 2740 alterius-

813 2822 896 2877 ve
939 2802 1176 2883 hymni
1221 2802 1438 2865 medio
1485 2802 1847 2880 abstractis,
1891 2802 2129 2865 inflexa
2176 2802 2454 2866 subinde
2492 2803 2815 2865 sent-entia
2852 2807 3049 2883 atque

815 2928 1086 3005 detorta,
1147 2930 1218 2989 ut
1279 2926 1687 3004 ceremoniis,
1745 2927 1829 2989 ad
1875 2946 2037 3011 quas
2083 2928 2514 3005 traherentur,
2562 2928 3048 3010 adaptarentur.

815 3049 1003 3132 Quae
1047 3072 1198 3115 cum
1243 3052 1338 3115 ita
1385 3052 1533 3130 sint,
1581 3053 1815 3117 merito
1861 3054 2053 3117 nobis
2093 3052 2249 3116 licet
2292 3054 2627 3149 suspicari,
2672 3054 2817 3136 pari
2856 3054 3048 3118 modo

814 3176 896 3240 iis
957 3195 1092 3239 esse
1149 3182 1372 3239 actum
1429 3178 1726 3255 mantriS,
1772 3178 1889 3260 qui
1936 3198 1971 3243 e
2016 3178 2170 3242 solis
2213 3179 2438 3261 grhyis
2484 3180 2830 3273 sint-noti3
2877 3179 3051 3260 quod

813 3320 972 3365 vero
1030 3321 1166 3365 non
1225 3302 1562 3379 habemus,
1624 3304 2015 3385 quibuscum
2082 3323 2191 3368 eos
2257 3324 2729 3386 componamus
2794 3305 3051 3369 undeve

817 3432 1108 3511 sumptos
1167 3447 1275 3491 eos
1335 3432 1721 3507 statuamUS,
1784 3430 1904 3493 hoc
1964 3449 2106 3493 rem
2148 3449 2337 3512 saepe
2383 3449 2464 3493 ex
2509 3449 2736 3512 aspera
2780 3430 3050 3513 asperri-

817 3571 999 3614 mam
1046 3552 1276 3615 reddit.
1323 3553 1585 3636 Augent
1633 3554 2041 3618 difficultates
2084 3555 2425 3639 interpreti
2469 3556 2831 3618 scribarum
2871 3574 3051 3619 men-

819 3677 957 3755 dae,
1001 3677 1240 3759 quibus
1284 3697 1434 3740 cum
1478 3678 1811 3741 Vedorum
1850 3679 2003 3743 libri
2046 3680 2405 3758 abundant,
2447 3689 2586 3742 tum
2628 3700 2785 3762 prae
2824 3680 3053 3744 ceteris

819 3801 1055 3865 misere
1115 3801 1325 3864 habiti
1385 3806 1538 3865 sunt
1583 3803 1633 3863 ii
1680 3804 1949 3882 mantri,
1995 3804 2111 3886 qui
2154 3804 2378 3887 grhyis
2422 3805 2872 3883 includunt-ur,
2919 3825 3049 3869 non

820 3931 957 3991 tam
1019 3927 1318 4010 religiose
1380 3927 1705 4010 descripti,
1767 3900 1968 4014 quam
2018 3929 2345 3993 samhitae.
2392 3929 2712 4011 Denique,
2761 3950 2913 3993 cum
2958 3950 3053 3993 re-

821 4054 1006 4135 liqua
1075 4057 1254 4116 sutra
1319 4058 1630 4135 perpetuo
1704 4060 1769 4118 et
1838 4055 2137 4139 diligenti
2206 4054 2683 4119 commentario
2751 4075 2886 4119 non
2954 4074 3053 4119 ca-

821 4182 986 4271 rent,
1078 4178 1144 4239 hi
1223 4178 1642 4243 illustrantur
1725 4184 1842 4243 aut
1927 4180 2085 4243 exili
2152 4185 2215 4242 et
2282 4180 2440 4243 satis
2504 4199 2733 4262 parco,
2789 4179 3055 4263 qualem

822 4303 1217 4384 szarsmus
1253 4305 1507 4387 scripsit
1545 4306 1628 4369 ad
1673 4305 2113 4369 Paraskarum
2160 4304 2313 4386 (vid.
2355 4306 2543 4369 Verz.
2585 4306 2644 4369 d.
2677 4305 2849 4370 Berl.
2877 4305 3055 4369 Sskr.

825 4428 1186 4493 Handschr.
1264 4426 1361 4493 n⁰.
1437 4430 1610 4511 264),
1682 4434 1798 4492 aut
1864 4428 2052 4491 nulla
2064 4454 2081 4507 3
2151 4430 2541 4510 Narayanus
2609 4434 2781 4494 certe
2847 4417 3055 4512 'Kc-va-
