3325 5200
1577 585 1657 652 41

494 793 852 880 vidyczvaaai
893 795 1106 875 bahan,
1152 802 1210 858 te
1235 799 1429 860 santa
1457 772 1979 882 jaradasktayahz
1999 843 2007 850 .
2024 798 2069 862 i.
2110 818 2165 862 e.
2205 799 2519 876 „utinam
2559 799 2726 862 mul-

496 925 596 984 tos
640 921 1083 1004 adipiscamur
1128 923 1368 986 liberos
1414 918 1486 1006 1),
1532 923 1648 1005 qui
1694 942 1877 986 senes
1913 922 2136 988 fiant.'’
2171 917 2267 988 Of.
2308 928 2373 986 et
2409 923 2539 986 Par
2572 921 2623 1000 Ι,
2665 924 2726 1003 5,

493 1046 563 1108 in
625 1066 755 1128 quo
818 1052 882 1111 et
944 1048 1078 1111 alia
1137 1052 1201 1112 et
1249 1049 1400 1112 hoc:
1455 1047 1628 1110 imd'm
1686 1048 1873 1130 Aquis
1932 1047 2241 1133 trdyata‘m
2288 1047 2725 1132 qdrhapatyah,

477 1172 722 1256 prajdm
789 1174 962 1258 asyai
1029 1179 1259 1258 nayatu
1301 1171 1570 1256 dz‘rybam
1614 1174 1774 1258 dyuh
1820 1174 2266 1258 afdnyopastkd
2281 1171 2543 1258 ji'vatdm
2587 1179 2729 1236 astu

396 1366 406 1379 ι
492 1297 964 1380 mdtdpautmm
995 1299 1292 1363 dnandam
1336 1299 1886 1384 abbivibudlcyatdm
1929 1300 2116 1385 iyam:
2157 1301 2488 1398 „Utinam
2522 1300 2727 1384 Agnis

299 1444 316 1522 ι·
403 1418 409 1424 ’
491 1422 940 1507 garhapat-yus
999 1424 1067 1507 (i.
1129 1444 1184 1489 e.
1243 1426 1422 1489 focus
1467 1425 1880 1504 domesticus,
1928 1425 2063 1503 vel,
2103 1425 2158 1487 si
2202 1426 2325 1503 vis,
2371 1426 2501 1489 Lar
2541 1426 2727 1488 fami-

490 1550 698 1634 liaris)
763 1551 933 1624 hanc
992 1555 1276 1630 tueatur,
1337 1550 1592 1634 prolem
1651 1551 1853 1614 huius
1911 1550 2305 1633 longaevam
2349 1531 2594 1630 reddat,
2642 1571 2727 1616 ne

492 1675 784 1740 vacu'um
847 1677 932 1764 sit
973 1677 1304 1759 gremium
1351 1677 1582 1740 matris
1627 1677 1938 1739 vitalium
1980 1675 2344 1740 liberorum
2393 1675 2463 1758 (i.
2504 1662 2561 1740 e.
2608 1677 2727 1740 ubi

494 1823 670 1866 unus
715 1801 800 1866 ad
843 1807 1128 1866 aetatem
1174 1783 1566 1885 pervenerit,
1613 1821 1748 1886 qua
1790 1803 1865 1865 in
1901 1803 2153 1886 gremio
2194 1803 2423 1865 matris
2462 1803 2727 1867 educari

492 1928 766 2002 desinat,
803 1929 1118 1991 continuo
1151 1927 1319 1991 alter
1352 1928 1678 2011 succedat)
1703 1928 2021 2010 gaudium
2040 1947 2074 1991 e
2097 1928 2321 1991 liberis
2344 1928 2725 2012 percipiat.'’

497 2053 597 2135 (cf.
639 2053 817 2134 Haas
857 2054 951 2129 St.
991 2053 1041 2116 Ι.
1083 2054 1163 2132 V,
1203 2059 1350 2135 pag.
1395 2053 1518 2114 315
1559 2053 1624 2138 h.
1664 2051 1711 2116 1.
1750 2053 1882 2116 alio
1919 2057 2108 2134 pacto
2134 2053 2722 2136 interpretantem).

495 2179 620 2243 Sed
657 2179 818 2261 quid
854 2177 1082 2263 plura?
1113 2178 1263 2242 Huc
1301 2179 1480 2242 enim
1517 2179 1801 2260 pertinet
1846 2196 2088 2260 magna
2127 2179 2314 2260 copia
2351 2179 2725 2241 carminum

494 2323 744 2383 eorum,
780 2305 1023 2386 quibus
1056 2305 1248 2367 uxori
1284 2304 1619 2386 epitheton
1649 2303 1915 2366 additur
1944 2304 2207 2384 subhayd
2236 2303 2303 2385 (i.
2330 2323 2386 2368 e.
2411 2303 2590 2388 felix)
2605 2330 2624 2382 3
2649 2323 2727 2367 ea

491 2431 673 2494 enim
695 2431 1043 2512 praecipue
1067 2431 1474 2512 significatur
1494 2429 1789 2508 felicitae,
1814 2449 2154 2521 summum
2178 2409 2442 2492 bonum*
2455 2428 2632 2510 quod
2653 2429 2725 2490 in

494 2555 937 2619 matrimoniis
969 2560 1064 2619 est
1095 2555 1581 2619 aestimandum
1613 2555 1978 2619 liberorum
2004 2559 2489 2633 ornamentum,
2517 2553 2727 2618 veluti

494 2680 658 2764 Rgv.
691 2680 782 2759 X,
813 2681 914 2760 85,
954 2682 1033 2742 25
1076 2681 1176 2763 (cf.
1211 2681 1456 2744 Weber
1486 2682 1537 2745 I.
1574 2682 1667 2745 St.
1706 2682 1786 2760 V',
1808 2701 1958 2773 pag..
1984 2682 2107 2743 186
2135 2701 2288 2745 cum
2310 2682 2469 2744 locis
2491 2681 2585 2744 ibi
2611 2681 2726 2743 lau

493 2807 684 2889 datis)
711 2812 886 2887 preto
923 2806 1210 2869 munedmz'
1247 2814 1331 2869 nd
1357 2806 1588 2869 ’mutah
1620 2806 1975 2870 subaddlcdm
2013 2814 2247 2869 amatas
2270 2807 2503 2881 karam
2524 2807 2729 2889 yatke-

485 2954 624 3015 yam
681 2930 873 2993 Indra
933 2928 1223 2995 midhvah
1284 2932 1544 3012 suputm‘
1591 2931 1860 3012 subkaqd
1896 2930 2059 2995 ἐπί.
2106 2932 2289 2995 Neve
2335 2932 2442 2995 cui
2491 2932 2729 2996 officiat

494 3078 624 3121 vox
651 3046 950 3139 ssuputrd,
1011 3058 1230 3135 „bene
1274 3057 1500 3121 liberis
1542 3058 1839 3140 praedita
1852 3057 1893 3087 ’²
1938 3058 2261 3121 vocabulo
2306 3043 2578 3151 ‹⁹2kach
2616 3076 2723 3139 ap-

561 3364 605 3427 1)
639 3361 820 3426 Miror,
866 3364 922 3415 et
971 3361 1022 3414 h.
1068 3362 1102 3415 1.
1149 3364 1204 3415 et
1247 3362 1432 3416 multis
1474 3362 1592 3415 aliis
1637 3378 1817 3415 vocem
1847 3370 2010 3431 patra
2051 3377 2255 3430 semper
2303 3361 2396 3415 lat.
2432 3361 2621 3427 „filio”
2658 3362 2725 3415 ab

492 3452 870 3521 interpretibus
903 3453 1050 3507 reddi
1085 3454 1266 3519 solere,
1301 3470 1611 3523 quamquam
1646 3454 1752 3506 iam
1788 3454 1844 3506 in
1877 3454 1998 3507 Lex.
2034 3454 2150 3507 Pet.
2187 3470 2228 3507 s.
2262 3470 2309 3506 v.
2333 3456 2476 3507 recte
2497 3453 2726 3521 positum

495 3548 600 3598 est:
654 3544 855 3610 ‚,Sohn‚
909 3544 1138 3609 Kind”;
1193 3545 1353 3598 etiam
1397 3544 1586 3597 melius
1629 3560 1715 3598 res
1749 3547 1888 3598 esset
1928 3548 2061 3609 acta,
2103 3546 2148 3597 si
2186 3545 2393 3598 inverso
2434 3543 2610 3597 ordine
2649 3544 2727 3597 ibi

495 3635 744 3703 scriptum
805 3638 1058 3689 exstaret:
1117 3635 1316 3700 ‚‚Kind‚
1377 3636 1580 3689 Sohn'’.
1641 3636 1867 3699 Etenim,
1920 3634 2214 3703 ubicunque
2241 3644 2406 3703 patra
2448 3635 2727 3702 respondet

494 3726 686 3791 „filio”
734 3727 1040 3780 terminatio
1085 3726 1229 3791 facit,
1276 3730 1337 3779 ut
1383 3741 1576 3780 marem
1621 3726 1875 3795 designet,
1922 3727 1978 3778 in
2020 3725 2191 3779 radice
2224 3742 2329 3779 non
2366 3728 2448 3778 est
2484 3726 2610 3779 haec
2644 3742 2726 3779 re-

495 3817 718 3871 strictio,
755 3816 902 3883 Quod
935 3818 1197 3872 luculente
1231 3821 1381 3886 patet
1418 3834 1480 3871 ex
1513 3812 1640 3888 KcV.
1679 3818 1841 3887 Grhy.
1876 3818 1919 3881 Ι,
1956 3820 2001 3883 7,
2028 3820 2057 3872 6
2092 3835 2219 3886 sqq„
2246 3833 2410 3886 ‚quem
2432 3817 2601 3871 locum
2623 3817 2725 3871 vid.

493 3908 628 3961 infra
663 3924 779 3977 pag.
813 3898 880 3962 46
911 3924 1004 3977 sq„
1039 3911 1197 3977 atque
1232 3926 1292 3963 ex
1327 3909 1410 3973 iis,
1452 3924 1581 3977 quae
1629 3908 1752 3962 Nar.
1796 3908 1863 3961 ad
1910 3909 1961 3961 h.
1994 3909 2030 3962 1.
2075 3912 2320 3962 annotat:
2355 3909 2727 3977 putracabdah

491 3998 667 4066 pumsi
705 4000 922 4063 striydm
969 4016 1032 4051 ca
1075 4008 1275 4051 smrtau
1318 3999 1555 4064 drshtah,
1601 4000 1741 4069 quod
1784 3998 1971 4068 probat
2016 4004 2071 4054 et
2115 4001 2229 4053 loco
2276 3999 2415 4052 Man.
2454 4000 2567 4066 (IX,
2608 4000 2726 4065 136)

495 4092 550 4142 et
598 4077 706 4142 his‘:
757 4090 869 4143 loke
918 4108 982 4143 ca
1027 4090 1262 4155 dubitari
1300 4092 1686 4159 putracabdam
1726 4092 2068 4160 prayuffjana
2114 4092 2357 4156 drcyante
2408 4091 2493 4143 ehi
2531 4092 2731 4158 putreti

493 4190 695 4233 mantra
735 4197 797 4233 ca
832 4182 1042 4248 drcyate
1077 4183 1358 4251 „pumdms
1401 4192 1448 4235 te
1481 4192 1639 4251 putro
1661 4182 1949 4252 jdyatcim''
1985 4184 2083 4235 etc.
2122 4181 2293 4236 Simili
2328 4180 2480 4234 modo
2515 4183 2726 4234 vetusta

494 4271 762 4325 latinitate
819 4275 1003 4325 notum
1047 4275 1127 4326 est
1171 4273 1318 4340 pueri
1379 4273 1586 4326 nomine
1643 4276 1700 4326 et
1738 4272 1965 4341 puellam
2014 4273 2278 4341 appellari,
2328 4272 2475 4326 velut
2524 4272 2581 4324 in
2629 4270 2727 4325 hoc

494 4361 706 4416 Naevii:
755 4357 1106 4431 „Proserpina
1150 4378 1279 4431 puer
1321 4364 1570 4418 Cereris.”
1620 4364 1817 4417 Putrcis
1859 4364 2039 4433 igitur,
2075 4380 2215 4417 num.
2250 4364 2381 4431 plur.
2410 4363 2512 4419 nisi
2536 4379 2595 4419 ea
2630 4376 2728 4417 vox

493 4452 700 4531 aliunde
741 4454 1022 4511 artioribus
1063 4454 1507 4512 circumscribitur
1543 4454 1751 4520 finibus,
1792 4457 1916 4509 sunt
1957 4454 2203 4521 „liberi.''
2287 4448 2293 4453 ’

2754 4138 2783 4159 θ
