<?xml version="1.0" encoding="UTF-8"?>
<!DOCTYPE html PUBLIC "-//W3C//DTD XHTML 1.0 Transitional//EN"
    "http://www.w3.org/TR/xhtml1/DTD/xhtml1-transitional.dtd">
<html xmlns="http://www.w3.org/1999/xhtml" xml:lang="en" lang="en">
 <head>
  <title>
</title>
<meta http-equiv="Content-Type" content="text/html;charset=utf-8" />
  <meta name='ocr-system' content='tesseract 3.04.00' />
  <meta name='ocr-capabilities' content='ocr_page ocr_carea ocr_par ocr_line ocrx_word'/>
</head>
<body>
  <div class='ocr_page' id='page_1' title='image "./specimenliterar00speygoog_0125.png"; bbox 0 0 3325 5200; ppageno 0'>
   <div class='ocr_carea' id='block_1_1' title="bbox 18 1240 22 3346">
    <p class='ocr_par' dir='ltr' id='par_1_1' title="bbox 18 1240 22 3346">
     <span class='ocr_line' id='line_1_1' title="bbox 18 1240 22 3346; baseline 0 0"><span class='ocrx_word' id='word_1_1' title='bbox 18 1240 22 3346; x_wconf 95' lang='lat' dir='ltr'><strong> </strong></span> 
     </span>
    </p>
   </div>
   <div class='ocr_carea' id='block_1_2' title="bbox 16 3543 20 4070">
    <p class='ocr_par' dir='ltr' id='par_1_2' title="bbox 16 3543 20 4070">
     <span class='ocr_line' id='line_1_2' title="bbox 16 3543 20 4070; baseline 0 0"><span class='ocrx_word' id='word_1_2' title='bbox 16 3543 20 4070; x_wconf 95' lang='lat' dir='ltr'><strong> </strong></span> 
     </span>
    </p>
   </div>
   <div class='ocr_carea' id='block_1_3' title="bbox 1260 629 1383 696">
    <p class='ocr_par' dir='ltr' id='par_1_3' title="bbox 1260 629 1383 696">
     <span class='ocr_line' id='line_1_3' title="bbox 1260 629 1383 696; baseline -0.008 0"><span class='ocrx_word' id='word_1_3' title='bbox 1260 629 1383 696; x_wconf 78' lang='grc'><strong>113</strong></span> 
     </span>
    </p>
   </div>
   <div class='ocr_carea' id='block_1_4' title="bbox 205 840 2496 4441">
    <p class='ocr_par' dir='ltr' id='par_1_4' title="bbox 205 840 2496 3313">
     <span class='ocr_line' id='line_1_4' title="bbox 299 840 2440 928; baseline 0.002 -21"><span class='ocrx_word' id='word_1_4' title='bbox 299 840 530 927; x_wconf 82' lang='lat' dir='ltr'><strong>Butyri</strong></span> <span class='ocrx_word' id='word_1_5' title='bbox 591 849 815 908; x_wconf 91' lang='lat' dir='ltr'><strong>autem</strong></span> <span class='ocrx_word' id='word_1_6' title='bbox 872 843 1206 927; x_wconf 76' lang='lat' dir='ltr'><strong>liquefacti</strong></span> <span class='ocrx_word' id='word_1_7' title='bbox 1253 850 1318 908; x_wconf 92' lang='lat' dir='ltr'><strong>et</strong></span> <span class='ocrx_word' id='word_1_8' title='bbox 1361 844 1523 909; x_wconf 87' lang='lat' dir='ltr'><strong>alibi</strong></span> <span class='ocrx_word' id='word_1_9' title='bbox 1568 845 1902 928; x_wconf 79' lang='lat' dir='ltr'><strong>epitheton</strong></span> <span class='ocrx_word' id='word_1_10' title='bbox 1950 841 2046 909; x_wconf 84' lang='lat' dir='ltr'><strong>est</strong></span> <span class='ocrx_word' id='word_1_11' title='bbox 2090 843 2325 926; x_wconf 71' lang='lat' dir='ltr'><strong>madku,</strong></span> <span class='ocrx_word' id='word_1_12' title='bbox 2374 849 2440 911; x_wconf 88' lang='lat' dir='ltr'><strong>et</strong></span> 
     </span>
     <span class='ocr_line' id='line_1_5' title="bbox 209 969 2438 1054; baseline 0.001 -22"><span class='ocrx_word' id='word_1_13' title='bbox 209 971 282 1034; x_wconf 90' lang='lat' dir='ltr'><strong>in</strong></span> <span class='ocrx_word' id='word_1_14' title='bbox 325 971 553 1054; x_wconf 87' lang='lat' dir='ltr'><strong>regula</strong></span> <span class='ocrx_word' id='word_1_15' title='bbox 589 971 797 1034; x_wconf 82' lang='lat' dir='ltr'><strong>altera</strong></span> <span class='ocrx_word' id='word_1_16' title='bbox 834 970 974 1034; x_wconf 86' lang='lat' dir='ltr'><strong>eius</strong></span> <span class='ocrx_word' id='word_1_17' title='bbox 1011 990 1257 1049; x_wconf 87' lang='lat' dir='ltr'><strong>versus,</strong></span> <span class='ocrx_word' id='word_1_18' title='bbox 1295 989 1493 1052; x_wconf 90' lang='lat' dir='ltr'><strong>quem</strong></span> <span class='ocrx_word' id='word_1_19' title='bbox 1526 969 1961 1052; x_wconf 66' lang='lat' dir='ltr'><strong>Baudhayani</strong></span> <span class='ocrx_word' id='word_1_20' title='bbox 1999 971 2302 1036; x_wconf 77' lang='lat' dir='ltr'><strong>sinistrae</strong></span> <span class='ocrx_word' id='word_1_21' title='bbox 2339 973 2438 1034; x_wconf 90' lang='lat' dir='ltr'><strong>in-</strong></span> 
     </span>
     <span class='ocr_line' id='line_1_6' title="bbox 210 1093 2437 1181; baseline 0 -22"><span class='ocrx_word' id='word_1_22' title='bbox 210 1097 408 1160; x_wconf 85' lang='lat' dir='ltr'><strong>fantis</strong></span> <span class='ocrx_word' id='word_1_23' title='bbox 473 1097 621 1160; x_wconf 91' lang='lat' dir='ltr'><strong>auri</strong></span> <span class='ocrx_word' id='word_1_24' title='bbox 687 1097 1128 1160; x_wconf 83' lang='lat' dir='ltr'><strong>insusurrant:</strong></span> <span class='ocrx_word' id='word_1_25' title='bbox 1181 1096 1431 1177; x_wconf 75' lang='lat' dir='ltr'><strong>thtam</strong></span> <span class='ocrx_word' id='word_1_26' title='bbox 1489 1093 1672 1178; x_wconf 66' lang='lat' dir='ltr'><strong>pitva‘</strong></span> <span class='ocrx_word' id='word_1_27' title='bbox 1719 1097 1933 1160; x_wconf 76' lang='lat' dir='ltr'><strong>madku</strong></span> <span class='ocrx_word' id='word_1_28' title='bbox 1989 1096 2131 1160; x_wconf 71' lang='lat' dir='ltr'><strong>edo-u</strong></span> <span class='ocrx_word' id='word_1_29' title='bbox 2167 1121 2437 1181; x_wconf 71' lang='lat' dir='ltr'><strong>qavyam,</strong></span> 
     </span>
     <span class='ocr_line' id='line_1_7' title="bbox 210 1220 2437 1305; baseline 0.002 -23"><span class='ocrx_word' id='word_1_30' title='bbox 210 1222 256 1286; x_wconf 91' lang='lat' dir='ltr'><strong>i.</strong></span> <span class='ocrx_word' id='word_1_31' title='bbox 300 1240 357 1285; x_wconf 91' lang='lat' dir='ltr'><strong>e.</strong></span> <span class='ocrx_word' id='word_1_32' title='bbox 402 1221 776 1303; x_wconf 82' lang='lat' dir='ltr'><strong>„butyrum</strong></span> <span class='ocrx_word' id='word_1_33' title='bbox 812 1225 1008 1305; x_wconf 89' lang='lat' dir='ltr'><strong>potus</strong></span> <span class='ocrx_word' id='word_1_34' title='bbox 1044 1221 1252 1301; x_wconf 80' lang='lat' dir='ltr'><strong>dulce,</strong></span> <span class='ocrx_word' id='word_1_35' title='bbox 1292 1241 1543 1300; x_wconf 88' lang='lat' dir='ltr'><strong>carum,</strong></span> <span class='ocrx_word' id='word_1_36' title='bbox 1586 1220 1975 1285; x_wconf 87' lang='lat' dir='ltr'><strong>bovinum”.</strong></span> <span class='ocrx_word' id='word_1_37' title='bbox 2025 1221 2218 1286; x_wconf 73' lang='lat' dir='ltr'><strong>Gkrta</strong></span> <span class='ocrx_word' id='word_1_38' title='bbox 2263 1241 2437 1304; x_wconf 91' lang='lat' dir='ltr'><strong>sym-</strong></span> 
     </span>
     <span class='ocr_line' id='line_1_8' title="bbox 208 1345 2441 1431; baseline 0 -22"><span class='ocrx_word' id='word_1_39' title='bbox 208 1345 437 1410; x_wconf 91' lang='lat' dir='ltr'><strong>bolum</strong></span> <span class='ocrx_word' id='word_1_40' title='bbox 485 1352 581 1411; x_wconf 90' lang='lat' dir='ltr'><strong>est</strong></span> <span class='ocrx_word' id='word_1_41' title='bbox 616 1346 803 1410; x_wconf 80' lang='lat' dir='ltr'><strong>lueis.</strong></span> <span class='ocrx_word' id='word_1_42' title='bbox 841 1345 1149 1429; x_wconf 87' lang='lat' dir='ltr'><strong>Namque</strong></span> <span class='ocrx_word' id='word_1_43' title='bbox 1186 1352 1282 1410; x_wconf 90' lang='lat' dir='ltr'><strong>est</strong></span> <span class='ocrx_word' id='word_1_44' title='bbox 1322 1350 1488 1429; x_wconf 87' lang='lat' dir='ltr'><strong>part.</strong></span> <span class='ocrx_word' id='word_1_45' title='bbox 1527 1347 1715 1410; x_wconf 84' lang='lat' dir='ltr'><strong>verbi</strong></span> <span class='ocrx_word' id='word_1_46' title='bbox 1733 1347 1871 1428; x_wconf 75' lang='lat' dir='ltr'><strong>qkr,</strong></span> <span class='ocrx_word' id='word_1_47' title='bbox 1892 1345 2175 1430; x_wconf 70' lang='lat' dir='ltr'><strong>ji-qlcartz&#39;,</strong></span> <span class='ocrx_word' id='word_1_48' title='bbox 2194 1348 2441 1431; x_wconf 66' lang='lat' dir='ltr'><strong>yth-noti</strong></span> 
     </span>
     <span class='ocr_line' id='line_1_9' title="bbox 210 1469 2438 1554; baseline 0.002 -22"><span class='ocrx_word' id='word_1_49' title='bbox 210 1497 297 1532; x_wconf 63' lang='grc' dir='ltr'><strong>Ξ</strong></span> <span class='ocrx_word' id='word_1_50' title='bbox 340 1520 381 1551; x_wconf 90' lang='lat'><em>„</em></span> <span class='ocrx_word' id='word_1_51' title='bbox 392 1472 660 1551; x_wconf 79' lang='lat' dir='ltr'><strong>fervere,</strong></span> <span class='ocrx_word' id='word_1_52' title='bbox 704 1469 968 1536; x_wconf 85' lang='lat' dir='ltr'><strong>lucere”</strong></span> <span class='ocrx_word' id='word_1_53' title='bbox 1014 1472 1188 1535; x_wconf 92' lang='lat' dir='ltr'><strong>unde</strong></span> <span class='ocrx_word' id='word_1_54' title='bbox 1226 1471 1479 1553; x_wconf 73' lang='lat' dir='ltr'><strong>qharma</strong></span> <span class='ocrx_word' id='word_1_55' title='bbox 1513 1471 1718 1553; x_wconf 73' lang='lat' dir='ltr'><strong>yhrna</strong></span> <span class='ocrx_word' id='word_1_56' title='bbox 1753 1471 1959 1554; x_wconf 73' lang='lat' dir='ltr'><strong>yhrnz&#39;,</strong></span> <span class='ocrx_word' id='word_1_57' title='bbox 2005 1521 2046 1551; x_wconf 97' lang='lat'><em>„</em></span> <span class='ocrx_word' id='word_1_58' title='bbox 2059 1473 2270 1552; x_wconf 91' lang='lat' dir='ltr'><strong>ardor,</strong></span> <span class='ocrx_word' id='word_1_59' title='bbox 2317 1475 2438 1538; x_wconf 89' lang='lat' dir='ltr'><strong>fer-</strong></span> 
     </span>
     <span class='ocr_line' id='line_1_10' title="bbox 208 1583 2439 1679; baseline 0.001 -19"><span class='ocrx_word' id='word_1_60' title='bbox 208 1596 370 1663; x_wconf 87' lang='lat' dir='ltr'><strong>vor”</strong></span> <span class='ocrx_word' id='word_1_61' title='bbox 415 1583 689 1676; x_wconf 84' lang='lat' dir='ltr'><strong>„calor”</strong></span> <span class='ocrx_word' id='word_1_62' title='bbox 731 1596 833 1679; x_wconf 88' lang='lat' dir='ltr'><strong>(cf.</strong></span> <span class='ocrx_word' id='word_1_63' title='bbox 856 1593 1122 1676; x_wconf 70' lang='grc' dir='ltr'><strong>θερ-μός,</strong></span> <span class='ocrx_word' id='word_1_64' title='bbox 1149 1597 1391 1662; x_wconf 81' lang='lat' dir='ltr'><strong>serv-eo</strong></span> <span class='ocrx_word' id='word_1_65' title='bbox 1405 1622 1422 1676; x_wconf 85' lang='lat'>3</span> <span class='ocrx_word' id='word_1_66' title='bbox 1447 1597 1579 1662; x_wconf 86' lang='lat' dir='ltr'><strong>vid.</strong></span> <span class='ocrx_word' id='word_1_67' title='bbox 1606 1597 1782 1661; x_wconf 88' lang='lat' dir='ltr'><strong>Max.</strong></span> <span class='ocrx_word' id='word_1_68' title='bbox 1805 1597 1992 1661; x_wconf 84' lang='lat' dir='ltr'><strong>Miill.</strong></span> <span class='ocrx_word' id='word_1_69' title='bbox 2015 1597 2192 1662; x_wconf 86' lang='lat' dir='ltr'><strong>Lect.</strong></span> <span class='ocrx_word' id='word_1_70' title='bbox 2218 1618 2304 1663; x_wconf 92' lang='lat' dir='ltr'><strong>on</strong></span> <span class='ocrx_word' id='word_1_71' title='bbox 2329 1600 2439 1662; x_wconf 86' lang='lat' dir='ltr'><strong>the</strong></span> 
     </span>
     <span class='ocr_line' id='line_1_11' title="bbox 208 1719 2439 1806; baseline 0 -19"><span class='ocrx_word' id='word_1_72' title='bbox 208 1723 473 1788; x_wconf 85' lang='lat' dir='ltr'><strong>Science</strong></span> <span class='ocrx_word' id='word_1_73' title='bbox 496 1723 567 1787; x_wconf 86' lang='lat' dir='ltr'><strong>of</strong></span> <span class='ocrx_word' id='word_1_74' title='bbox 580 1723 832 1806; x_wconf 86' lang='lat' dir='ltr'><strong>Langu.</strong></span> <span class='ocrx_word' id='word_1_75' title='bbox 855 1721 944 1801; x_wconf 89' lang='lat' dir='ltr'><strong>II,</strong></span> <span class='ocrx_word' id='word_1_76' title='bbox 968 1742 1114 1806; x_wconf 86' lang='lat' dir='ltr'><strong>pag.</strong></span> <span class='ocrx_word' id='word_1_77' title='bbox 1141 1722 1266 1785; x_wconf 83' lang='lat'><strong>405</strong></span> <span class='ocrx_word' id='word_1_78' title='bbox 1294 1719 1393 1786; x_wconf 91' lang='lat' dir='ltr'><strong>ed.</strong></span> <span class='ocrx_word' id='word_1_79' title='bbox 1423 1723 1541 1806; x_wconf 70' lang='lat'>6⁵²).</span> <span class='ocrx_word' id='word_1_80' title='bbox 1598 1723 1790 1785; x_wconf 73' lang='lat' dir='ltr'><strong>Gbrta</strong></span> <span class='ocrx_word' id='word_1_81' title='bbox 1835 1723 2038 1806; x_wconf 89' lang='lat' dir='ltr'><strong>igitur</strong></span> <span class='ocrx_word' id='word_1_82' title='bbox 2083 1726 2181 1787; x_wconf 90' lang='lat' dir='ltr'><strong>est</strong></span> <span class='ocrx_word' id='word_1_83' title='bbox 2222 1723 2439 1803; x_wconf 90' lang='lat' dir='ltr'><strong>„luci-</strong></span> 
     </span>
     <span class='ocr_line' id='line_1_12' title="bbox 208 1847 2439 1930; baseline -0.001 -18"><span class='ocrx_word' id='word_1_84' title='bbox 208 1849 390 1928; x_wconf 88' lang='lat' dir='ltr'><strong>dum,</strong></span> <span class='ocrx_word' id='word_1_85' title='bbox 448 1847 840 1925; x_wconf 85' lang='lat' dir='ltr'><strong>fervidum”;</strong></span> <span class='ocrx_word' id='word_1_86' title='bbox 898 1847 1241 1911; x_wconf 87' lang='lat' dir='ltr'><strong>tritissima</strong></span> <span class='ocrx_word' id='word_1_87' title='bbox 1298 1847 1684 1930; x_wconf 87' lang='lat' dir='ltr'><strong>metaphora</strong></span> <span class='ocrx_word' id='word_1_88' title='bbox 1741 1852 1808 1912; x_wconf 87' lang='lat' dir='ltr'><strong>et</strong></span> <span class='ocrx_word' id='word_1_89' title='bbox 1873 1847 2246 1912; x_wconf 90' lang='lat' dir='ltr'><strong>medialiter</strong></span> <span class='ocrx_word' id='word_1_90' title='bbox 2285 1848 2439 1912; x_wconf 90' lang='lat' dir='ltr'><strong>solis</strong></span> 
     </span>
     <span class='ocr_line' id='line_1_13' title="bbox 208 1973 2496 2058; baseline -0 -21"><span class='ocrx_word' id='word_1_91' title='bbox 208 1974 502 2058; x_wconf 90' lang='lat' dir='ltr'><strong>designat</strong></span> <span class='ocrx_word' id='word_1_92' title='bbox 545 1974 763 2037; x_wconf 90' lang='lat' dir='ltr'><strong>lucem</strong></span> <span class='ocrx_word' id='word_1_93' title='bbox 808 1977 873 2037; x_wconf 86' lang='lat' dir='ltr'><strong>et</strong></span> <span class='ocrx_word' id='word_1_94' title='bbox 908 1973 1164 2056; x_wconf 88' lang='lat' dir='ltr'><strong>passive</strong></span> <span class='ocrx_word' id='word_1_95' title='bbox 1210 1973 1553 2054; x_wconf 87' lang='lat' dir='ltr'><strong>butyrum,</strong></span> <span class='ocrx_word' id='word_1_96' title='bbox 1595 1973 1774 2056; x_wconf 89' lang='lat' dir='ltr'><strong>quod</strong></span> <span class='ocrx_word' id='word_1_97' title='bbox 1809 1973 2061 2036; x_wconf 87' lang='lat' dir='ltr'><strong>fervore</strong></span> <span class='ocrx_word' id='word_1_98' title='bbox 2097 1978 2194 2036; x_wconf 87' lang='lat' dir='ltr'><strong>est</strong></span> <span class='ocrx_word' id='word_1_99' title='bbox 2230 1973 2436 2055; x_wconf 90' lang='lat' dir='ltr'><strong>lique·</strong></span> <span class='ocrx_word' id='word_1_100' title='bbox 2486 2013 2496 2022; x_wconf 92' lang='lat'>-</span> 
     </span>
     <span class='ocr_line' id='line_1_14' title="bbox 207 2099 2438 2182; baseline 0 -19"><span class='ocrx_word' id='word_1_101' title='bbox 207 2100 477 2165; x_wconf 80' lang='lat' dir='ltr'><strong>factum.</strong></span> <span class='ocrx_word' id='word_1_102' title='bbox 534 2100 895 2168; x_wconf 83' lang='lat' dir='ltr'><strong>Fervendo</strong></span> <span class='ocrx_word' id='word_1_103' title='bbox 937 2104 1163 2164; x_wconf 89' lang='lat' dir='ltr'><strong>autem</strong></span> <span class='ocrx_word' id='word_1_104' title='bbox 1225 2099 1609 2164; x_wconf 83' lang='lat' dir='ltr'><strong>etiamnunc</strong></span> <span class='ocrx_word' id='word_1_105' title='bbox 1658 2100 1845 2181; x_wconf 72' lang='lat' dir='ltr'><strong>qkrta</strong></span> <span class='ocrx_word' id='word_1_106' title='bbox 1887 2099 2013 2163; x_wconf 90' lang='lat' dir='ltr'><strong>sibi</strong></span> <span class='ocrx_word' id='word_1_107' title='bbox 2058 2103 2297 2182; x_wconf 87' lang='lat' dir='ltr'><strong>parant</strong></span> <span class='ocrx_word' id='word_1_108' title='bbox 2340 2105 2438 2163; x_wconf 83' lang='lat' dir='ltr'><strong>sa-</strong></span> 
     </span>
     <span class='ocr_line' id='line_1_15' title="bbox 211 2223 2440 2308; baseline -0.001 -19"><span class='ocrx_word' id='word_1_109' title='bbox 211 2225 593 2290; x_wconf 84' lang='lat' dir='ltr'><strong>crificantes.</strong></span> <span class='ocrx_word' id='word_1_110' title='bbox 654 2225 1001 2289; x_wconf 89' lang='lat' dir='ltr'><strong>Terrestris</strong></span> <span class='ocrx_word' id='word_1_111' title='bbox 1060 2224 1289 2308; x_wconf 88' lang='lat' dir='ltr'><strong>Agnis,</strong></span> <span class='ocrx_word' id='word_1_112' title='bbox 1354 2224 1525 2306; x_wconf 89' lang='lat' dir='ltr'><strong>ignis</strong></span> <span class='ocrx_word' id='word_1_113' title='bbox 1570 2223 1894 2288; x_wconf 87' lang='lat' dir='ltr'><strong>nimirum</strong></span> <span class='ocrx_word' id='word_1_114' title='bbox 1938 2225 2058 2306; x_wconf 89' lang='lat' dir='ltr'><strong>qui</strong></span> <span class='ocrx_word' id='word_1_115' title='bbox 2103 2228 2222 2288; x_wconf 79' lang='lat' dir='ltr'><strong>est·</strong></span> <span class='ocrx_word' id='word_1_116' title='bbox 2243 2242 2440 2306; x_wconf 90' lang='lat' dir='ltr'><strong>super</strong></span> 
     </span>
     <span class='ocr_line' id='line_1_16' title="bbox 210 2349 2438 2433; baseline -0 -20"><span class='ocrx_word' id='word_1_117' title='bbox 210 2351 371 2430; x_wconf 88' lang='lat' dir='ltr'><strong>foco,</strong></span> <span class='ocrx_word' id='word_1_118' title='bbox 432 2351 827 2414; x_wconf 88' lang='lat' dir='ltr'><strong>alimentum</strong></span> <span class='ocrx_word' id='word_1_119' title='bbox 891 2357 987 2415; x_wconf 88' lang='lat' dir='ltr'><strong>est</strong></span> <span class='ocrx_word' id='word_1_120' title='bbox 1036 2350 1237 2433; x_wconf 75' lang='lat' dir='ltr'><strong>qkrta,</strong></span> <span class='ocrx_word' id='word_1_121' title='bbox 1301 2356 1397 2414; x_wconf 90' lang='lat' dir='ltr'><strong>est</strong></span> <span class='ocrx_word' id='word_1_122' title='bbox 1448 2350 1849 2413; x_wconf 87' lang='lat' dir='ltr'><strong>alimentum</strong></span> <span class='ocrx_word' id='word_1_123' title='bbox 1903 2350 2086 2431; x_wconf 70' lang='lat' dir='ltr'><strong>ykrta</strong></span> <span class='ocrx_word' id='word_1_124' title='bbox 2145 2349 2438 2414; x_wconf 88' lang='lat' dir='ltr'><strong>coelestis</strong></span> 
     </span>
     <span class='ocr_line' id='line_1_17' title="bbox 212 2473 2439 2556; baseline -0 -18"><span class='ocrx_word' id='word_1_125' title='bbox 212 2495 297 2540; x_wconf 91' lang='lat' dir='ltr'><strong>sc.</strong></span> <span class='ocrx_word' id='word_1_126' title='bbox 360 2476 546 2556; x_wconf 89' lang='lat' dir='ltr'><strong>Solis,</strong></span> <span class='ocrx_word' id='word_1_127' title='bbox 602 2477 795 2539; x_wconf 88' lang='lat' dir='ltr'><strong>huius</strong></span> <span class='ocrx_word' id='word_1_128' title='bbox 843 2476 981 2556; x_wconf 82' lang='lat' dir='ltr'><strong>lux,</strong></span> <span class='ocrx_word' id='word_1_129' title='bbox 1035 2476 1354 2556; x_wconf 87' lang='lat' dir='ltr'><strong>butyrum</strong></span> <span class='ocrx_word' id='word_1_130' title='bbox 1393 2474 1595 2538; x_wconf 79' lang='lat' dir='ltr'><strong>illius,</strong></span> <span class='ocrx_word' id='word_1_131' title='bbox 1638 2473 1802 2538; x_wconf 92' lang='lat' dir='ltr'><strong>Inde</strong></span> <span class='ocrx_word' id='word_1_132' title='bbox 1841 2474 2274 2544; x_wconf 85' lang='lat' dir='ltr'><strong>derivandum</strong></span> <span class='ocrx_word' id='word_1_133' title='bbox 2343 2479 2439 2537; x_wconf 90' lang='lat' dir='ltr'><strong>est</strong></span> 
     </span>
     <span class='ocr_line' id='line_1_18' title="bbox 208 2598 2436 2685; baseline -0.001 -20"><span class='ocrx_word' id='word_1_134' title='bbox 208 2603 499 2685; x_wconf 89' lang='lat' dir='ltr'><strong>plurima</strong></span> <span class='ocrx_word' id='word_1_135' title='bbox 540 2602 857 2667; x_wconf 87' lang='lat' dir='ltr'><strong>sacrificia</strong></span> <span class='ocrx_word' id='word_1_136' title='bbox 900 2603 1141 2685; x_wconf 83' lang='lat' dir='ltr'><strong>butyro</strong></span> <span class='ocrx_word' id='word_1_137' title='bbox 1186 2600 1356 2665; x_wconf 89' lang='lat' dir='ltr'><strong>fierit</strong></span> <span class='ocrx_word' id='word_1_138' title='bbox 1391 2601 1744 2684; x_wconf 84' lang='lat' dir='ltr'><strong>liquefacto</strong></span> <span class='ocrx_word' id='word_1_139' title='bbox 1756 2626 1775 2678; x_wconf 85' lang='lat'>3</span> <span class='ocrx_word' id='word_1_140' title='bbox 1822 2600 2014 2663; x_wconf 87' lang='lat' dir='ltr'><strong>alunt</strong></span> <span class='ocrx_word' id='word_1_141' title='bbox 2046 2600 2226 2667; x_wconf 90' lang='lat' dir='ltr'><strong>enim</strong></span> <span class='ocrx_word' id='word_1_142' title='bbox 2265 2598 2436 2663; x_wconf 77' lang='lat' dir='ltr'><strong>deoS.</strong></span> 
     </span>
     <span class='ocr_line' id='line_1_19' title="bbox 209 2725 2438 2811; baseline -0.002 -19"><span class='ocrx_word' id='word_1_143' title='bbox 209 2728 361 2793; x_wconf 89' lang='lat' dir='ltr'><strong>Non</strong></span> <span class='ocrx_word' id='word_1_144' title='bbox 419 2729 652 2793; x_wconf 88' lang='lat' dir='ltr'><strong>desunt</strong></span> <span class='ocrx_word' id='word_1_145' title='bbox 712 2729 1027 2807; x_wconf 81' lang='lat' dir='ltr'><strong>carmina,</strong></span> <span class='ocrx_word' id='word_1_146' title='bbox 1089 2727 1333 2809; x_wconf 90' lang='lat' dir='ltr'><strong>quibus</strong></span> <span class='ocrx_word' id='word_1_147' title='bbox 1378 2726 1751 2789; x_wconf 87' lang='lat' dir='ltr'><strong>celebratur</strong></span> <span class='ocrx_word' id='word_1_148' title='bbox 1786 2725 1988 2808; x_wconf 74' lang='lat' dir='ltr'><strong>thta,</strong></span> <span class='ocrx_word' id='word_1_149' title='bbox 2035 2725 2438 2811; x_wconf 75' lang='lat' dir='ltr'><strong>appellatur-</strong></span> 
     </span>
     <span class='ocr_line' id='line_1_20' title="bbox 208 2834 2436 2937; baseline -0.003 -19"><span class='ocrx_word' id='word_1_150' title='bbox 208 2872 341 2937; x_wconf 77' lang='lat' dir='ltr'><strong>que</strong></span> <span class='ocrx_word' id='word_1_151' title='bbox 384 2876 603 2918; x_wconf 74' lang='lat' dir='ltr'><strong>annam</strong></span> <span class='ocrx_word' id='word_1_152' title='bbox 644 2856 853 2936; x_wconf 66' lang='lat' dir='ltr'><strong>Aquas,</strong></span> <span class='ocrx_word' id='word_1_153' title='bbox 896 2854 943 2917; x_wconf 88' lang='lat' dir='ltr'><strong>i.</strong></span> <span class='ocrx_word' id='word_1_154' title='bbox 989 2872 1046 2917; x_wconf 78' lang='lat' dir='ltr'><strong>e.</strong></span> <span class='ocrx_word' id='word_1_155' title='bbox 1092 2853 1331 2932; x_wconf 75' lang='lat' dir='ltr'><strong>„cibus</strong></span> <span class='ocrx_word' id='word_1_156' title='bbox 1367 2850 1637 2934; x_wconf 81' lang='lat' dir='ltr'><strong>Agnis”,</strong></span> <span class='ocrx_word' id='word_1_157' title='bbox 1662 2834 1874 2914; x_wconf 75' lang='lat' dir='ltr'><strong>veluti</strong></span> <span class='ocrx_word' id='word_1_158' title='bbox 1896 2850 2061 2935; x_wconf 75' lang='lat' dir='ltr'><strong>Rgv.</strong></span> <span class='ocrx_word' id='word_1_159' title='bbox 2085 2850 2200 2920; x_wconf 89' lang='lat' dir='ltr'><strong>1v,</strong></span> <span class='ocrx_word' id='word_1_160' title='bbox 2228 2850 2331 2929; x_wconf 86' lang='lat'><strong>58,</strong></span> <span class='ocrx_word' id='word_1_161' title='bbox 2361 2850 2436 2928; x_wconf 71' lang='lat'><strong>13</strong></span> 
     </span>
     <span class='ocr_line' id='line_1_21' title="bbox 205 2975 2440 3059; baseline -0.002 -18"><span class='ocrx_word' id='word_1_162' title='bbox 205 2979 290 3057; x_wconf 90' lang='lat' dir='ltr'><strong>X,</strong></span> <span class='ocrx_word' id='word_1_163' title='bbox 328 2980 429 3059; x_wconf 88' lang='lat'><strong>69,</strong></span> <span class='ocrx_word' id='word_1_164' title='bbox 458 2981 495 3041; x_wconf 77' lang='lat'>2</span> <span class='ocrx_word' id='word_1_165' title='bbox 506 3005 525 3057; x_wconf 83' lang='lat'>3</span> <span class='ocrx_word' id='word_1_166' title='bbox 558 2978 721 3043; x_wconf 91' lang='lat' dir='ltr'><strong>TBr.</strong></span> <span class='ocrx_word' id='word_1_167' title='bbox 745 2978 796 3057; x_wconf 94' lang='lat' dir='ltr'><strong>I,</strong></span> <span class='ocrx_word' id='word_1_168' title='bbox 825 2980 883 3058; x_wconf 78' lang='lat'><strong>2,</strong></span> <span class='ocrx_word' id='word_1_169' title='bbox 911 2978 970 3058; x_wconf 88' lang='lat'><strong>1,</strong></span> <span class='ocrx_word' id='word_1_170' title='bbox 999 2979 1103 3041; x_wconf 92' lang='grc'><strong>11.</strong></span> <span class='ocrx_word' id='word_1_171' title='bbox 1181 2976 1412 3059; x_wconf 88' lang='lat' dir='ltr'><strong>Neque</strong></span> <span class='ocrx_word' id='word_1_172' title='bbox 1490 2975 1894 3055; x_wconf 88' lang='lat' dir='ltr'><strong>mirandum,</strong></span> <span class='ocrx_word' id='word_1_173' title='bbox 1973 2975 2052 3039; x_wconf 91' lang='lat' dir='ltr'><strong>de</strong></span> <span class='ocrx_word' id='word_1_174' title='bbox 2113 2975 2440 3038; x_wconf 86' lang='lat' dir='ltr'><strong>industria</strong></span> 
     </span>
     <span class='ocr_line' id='line_1_22' title="bbox 207 3098 2440 3187; baseline -0.003 -20"><span class='ocrx_word' id='word_1_175' title='bbox 207 3123 719 3186; x_wconf 81' lang='lat' dir='ltr'><strong>nonnumquam</strong></span> <span class='ocrx_word' id='word_1_176' title='bbox 779 3104 1095 3187; x_wconf 88' lang='lat' dir='ltr'><strong>ambigua</strong></span> <span class='ocrx_word' id='word_1_177' title='bbox 1154 3102 1333 3166; x_wconf 88' lang='lat' dir='ltr'><strong>vocis</strong></span> <span class='ocrx_word' id='word_1_178' title='bbox 1384 3101 1567 3182; x_wconf 73' lang='lat' dir='ltr'><strong>yhrta</strong></span> <span class='ocrx_word' id='word_1_179' title='bbox 1633 3099 2110 3183; x_wconf 83' lang='lat' dir='ltr'><strong>significatione</strong></span> <span class='ocrx_word' id='word_1_180' title='bbox 2154 3098 2314 3178; x_wconf 88' lang='lat' dir='ltr'><strong>ludi,</strong></span> <span class='ocrx_word' id='word_1_181' title='bbox 2363 3101 2440 3161; x_wconf 87' lang='lat' dir='ltr'><strong>ut</strong></span> 
     </span>
     <span class='ocr_line' id='line_1_23' title="bbox 209 3216 1834 3313; baseline -0.001 -19"><span class='ocrx_word' id='word_1_182' title='bbox 209 3228 375 3313; x_wconf 81' lang='lat' dir='ltr'><strong>Rgv.</strong></span> <span class='ocrx_word' id='word_1_183' title='bbox 398 3230 486 3309; x_wconf 83' lang='lat' dir='ltr'><strong>X,</strong></span> <span class='ocrx_word' id='word_1_184' title='bbox 516 3230 619 3309; x_wconf 87' lang='lat'><strong>69,</strong></span> <span class='ocrx_word' id='word_1_185' title='bbox 646 3232 706 3294; x_wconf 77' lang='lat'><strong>2.</strong></span> <span class='ocrx_word' id='word_1_186' title='bbox 1827 3216 1834 3223; x_wconf 83' lang='lat'>&#39;</span> 
     </span>
    </p>

    <p class='ocr_par' dir='ltr' id='par_1_5' title="bbox 312 3348 2281 3439">
     <span class='ocr_line' id='line_1_24' title="bbox 312 3348 2281 3439; baseline -0.004 -20"><span class='ocrx_word' id='word_1_187' title='bbox 312 3354 550 3436; x_wconf 73' lang='lat' dir='ltr'><strong>ykrtam</strong></span> <span class='ocrx_word' id='word_1_188' title='bbox 592 3357 789 3437; x_wconf 74' lang='lat' dir='ltr'><strong>Aqner</strong></span> <span class='ocrx_word' id='word_1_189' title='bbox 826 3353 1307 3439; x_wconf 66' lang='lat' dir='ltr'><strong>&#39;vadhoyaqvasya</strong></span> <span class='ocrx_word' id='word_1_190' title='bbox 1348 3352 1730 3417; x_wconf 75' lang='lat' dir='ltr'><strong>vardkanam</strong></span> <span class='ocrx_word' id='word_1_191' title='bbox 1767 3348 2008 3432; x_wconf 75' lang='lat' dir='ltr'><strong>qkrtam</strong></span> <span class='ocrx_word' id='word_1_192' title='bbox 2049 3369 2281 3413; x_wconf 78' lang='lat' dir='ltr'><strong>annam</strong></span> 
     </span>
    </p>

    <p class='ocr_par' dir='ltr' id='par_1_6' title="bbox 514 3464 1722 3563">
     <span class='ocr_line' id='line_1_25' title="bbox 514 3464 1722 3563; baseline -0.006 -17"><span class='ocrx_word' id='word_1_193' title='bbox 514 3464 519 3469; x_wconf 36' lang='lat'><em>¹</em></span> <span class='ocrx_word' id='word_1_194' title='bbox 861 3481 1101 3563; x_wconf 75' lang='lat' dir='ltr'><strong>thtam</strong></span> <span class='ocrx_word' id='word_1_195' title='bbox 1142 3502 1184 3542; x_wconf 82' lang='lat' dir='ltr'><strong>u</strong></span> <span class='ocrx_word' id='word_1_196' title='bbox 1226 3500 1375 3563; x_wconf 67' lang='lat' dir='ltr'><strong>asya</strong></span> <span class='ocrx_word' id='word_1_197' title='bbox 1420 3479 1722 3541; x_wconf 81' lang='lat' dir='ltr'><strong>medanam</strong></span> 
     </span>
    </p>

    <p class='ocr_par' dir='ltr' id='par_1_7' title="bbox 207 3594 2440 4441">
     <span class='ocr_line' id='line_1_26' title="bbox 292 3594 2436 3691; baseline -0.005 -19"><span class='ocrx_word' id='word_1_198' title='bbox 292 3608 547 3689; x_wconf 71' lang='lat' dir='ltr'><strong>yhrtend</strong></span> <span class='ocrx_word' id='word_1_199' title='bbox 579 3594 748 3671; x_wconf 72' lang='lat' dir='ltr'><strong>’buta</strong></span> <span class='ocrx_word' id='word_1_200' title='bbox 782 3604 1002 3691; x_wconf 68' lang='lat' dir='ltr'><strong>urviyd</strong></span> <span class='ocrx_word' id='word_1_201' title='bbox 1028 3604 1091 3669; x_wconf 78' lang='lat' dir='ltr'><strong>vi</strong></span> <span class='ocrx_word' id='word_1_202' title='bbox 1112 3604 1411 3687; x_wconf 70' lang='lat' dir='ltr'><strong>papratke</strong></span> <span class='ocrx_word' id='word_1_203' title='bbox 1450 3602 1643 3687; x_wconf 52' lang='grc' dir='ltr'><strong>δεῖγμα</strong></span> <span class='ocrx_word' id='word_1_204' title='bbox 1674 3601 1774 3665; x_wconf 77' lang='lat' dir='ltr'><strong>iva</strong></span> <span class='ocrx_word' id='word_1_205' title='bbox 1803 3607 1998 3665; x_wconf 79' lang='lat' dir='ltr'><strong>roeate</strong></span> <span class='ocrx_word' id='word_1_206' title='bbox 2035 3598 2436 3683; x_wconf 69' lang='lat' dir='ltr'><strong>sarpirci&#39;sutih</strong></span> 
     </span>
     <span class='ocr_line' id='line_1_27' title="bbox 211 3714 2439 3827; baseline -0.002 -33"><span class='ocrx_word' id='word_1_207' title='bbox 211 3733 257 3797; x_wconf 91' lang='lat' dir='ltr'><strong>i.</strong></span> <span class='ocrx_word' id='word_1_208' title='bbox 284 3752 339 3796; x_wconf 90' lang='lat' dir='ltr'><strong>e.</strong></span> <span class='ocrx_word' id='word_1_209' title='bbox 386 3733 627 3815; x_wconf 83' lang='lat' dir='ltr'><strong>„ghrta</strong></span> <span class='ocrx_word' id='word_1_210' title='bbox 670 3738 765 3796; x_wconf 91' lang='lat' dir='ltr'><strong>est</strong></span> <span class='ocrx_word' id='word_1_211' title='bbox 806 3714 1292 3795; x_wconf 83' lang='lat' dir='ltr'><strong>incrementum</strong></span> <span class='ocrx_word' id='word_1_212' title='bbox 1331 3728 1559 3813; x_wconf 78' lang='lat' dir='ltr'><strong>AgniS,</strong></span> <span class='ocrx_word' id='word_1_213' title='bbox 1598 3728 1790 3811; x_wconf 81' lang='lat' dir='ltr'><strong>ghrta</strong></span> <span class='ocrx_word' id='word_1_214' title='bbox 1829 3726 2033 3806; x_wconf 78' lang='lat' dir='ltr'><strong>cibuS,</strong></span> <span class='ocrx_word' id='word_1_215' title='bbox 2068 3728 2260 3827; x_wconf 79' lang='lat' dir='ltr'><strong>ghrta</strong></span> <span class='ocrx_word' id='word_1_216' title='bbox 2297 3726 2439 3790; x_wconf 85' lang='lat' dir='ltr'><strong>eius</strong></span> 
     </span>
     <span class='ocr_line' id='line_1_28' title="bbox 210 3851 2438 3942; baseline -0.003 -21"><span class='ocrx_word' id='word_1_217' title='bbox 210 3859 559 3942; x_wconf 84' lang='lat' dir='ltr'><strong>pinguedo,</strong></span> <span class='ocrx_word' id='word_1_218' title='bbox 616 3860 805 3942; x_wconf 86' lang='lat' dir='ltr'><strong>ghrto</strong></span> <span class='ocrx_word' id='word_1_219' title='bbox 868 3859 1206 3941; x_wconf 87' lang='lat' dir='ltr'><strong>adspersus</strong></span> <span class='ocrx_word' id='word_1_220' title='bbox 1258 3856 1331 3918; x_wconf 93' lang='lat' dir='ltr'><strong>in</strong></span> <span class='ocrx_word' id='word_1_221' title='bbox 1395 3859 1569 3919; x_wconf 86' lang='lat' dir='ltr'><strong>terra</strong></span> <span class='ocrx_word' id='word_1_222' title='bbox 1628 3854 1964 3931; x_wconf 84' lang='lat' dir='ltr'><strong>dilatatur,</strong></span> <span class='ocrx_word' id='word_1_223' title='bbox 2021 3854 2122 3916; x_wconf 89' lang='lat' dir='ltr'><strong>uti</strong></span> <span class='ocrx_word' id='word_1_224' title='bbox 2185 3851 2438 3934; x_wconf 76' lang='lat' dir='ltr'><strong>Suryus</strong></span> 
     </span>
     <span class='ocr_line' id='line_1_29' title="bbox 210 3976 2437 4066; baseline -0.004 -19"><span class='ocrx_word' id='word_1_225' title='bbox 210 3986 388 4055; x_wconf 84' lang='lat' dir='ltr'><strong>lucet</strong></span> <span class='ocrx_word' id='word_1_226' title='bbox 428 3985 671 4066; x_wconf 88' lang='lat' dir='ltr'><strong>butyro</strong></span> <span class='ocrx_word' id='word_1_227' title='bbox 715 3982 975 4047; x_wconf 89' lang='lat' dir='ltr'><strong>natus’&#39;.</strong></span> <span class='ocrx_word' id='word_1_228' title='bbox 1024 3980 1452 4063; x_wconf 75' lang='lat' dir='ltr'><strong>Quamquam</strong></span> <span class='ocrx_word' id='word_1_229' title='bbox 1490 3979 1671 4043; x_wconf 89' lang='lat' dir='ltr'><strong>enim</strong></span> <span class='ocrx_word' id='word_1_230' title='bbox 1715 3978 1779 4042; x_wconf 92' lang='lat' dir='ltr'><strong>h.</strong></span> <span class='ocrx_word' id='word_1_231' title='bbox 1803 3978 1849 4043; x_wconf 92' lang='lat' dir='ltr'><strong>l.</strong></span> <span class='ocrx_word' id='word_1_232' title='bbox 1888 3997 2041 4042; x_wconf 89' lang='lat' dir='ltr'><strong>cum</strong></span> <span class='ocrx_word' id='word_1_233' title='bbox 2083 3976 2232 4040; x_wconf 89' lang='lat' dir='ltr'><strong>Sole</strong></span> <span class='ocrx_word' id='word_1_234' title='bbox 2265 3995 2437 4057; x_wconf 79' lang='lat' dir='ltr'><strong>com·¹</strong></span> 
     </span>
     <span class='ocr_line' id='line_1_30' title="bbox 207 4080 2438 4193; baseline -0.004 -20"><span class='ocrx_word' id='word_1_235' title='bbox 207 4094 483 4193; x_wconf 83' lang='lat' dir='ltr'><strong>paratur</strong></span> <span class='ocrx_word' id='word_1_236' title='bbox 524 4106 750 4193; x_wconf 87' lang='lat' dir='ltr'><strong>Agnis,</strong></span> <span class='ocrx_word' id='word_1_237' title='bbox 796 4111 1027 4191; x_wconf 88' lang='lat' dir='ltr'><strong>potens</strong></span> <span class='ocrx_word' id='word_1_238' title='bbox 1072 4107 1421 4171; x_wconf 84' lang='lat' dir='ltr'><strong>invocatur</strong></span> <span class='ocrx_word' id='word_1_239' title='bbox 1461 4104 1631 4168; x_wconf 88' lang='lat' dir='ltr'><strong>lucis</strong></span> <span class='ocrx_word' id='word_1_240' title='bbox 1676 4104 1853 4182; x_wconf 79' lang='lat' dir='ltr'><strong>deuS,</strong></span> <span class='ocrx_word' id='word_1_241' title='bbox 1899 4122 2031 4167; x_wconf 90' lang='lat' dir='ltr'><strong>non</strong></span> <span class='ocrx_word' id='word_1_242' title='bbox 2080 4080 2252 4185; x_wconf 86' lang='lat' dir='ltr'><strong>ignis</strong></span> <span class='ocrx_word' id='word_1_243' title='bbox 2297 4105 2438 4164; x_wconf 88' lang='lat' dir='ltr'><strong>tan-</strong></span> 
     </span>
     <span class='ocr_line' id='line_1_31' title="bbox 209 4225 2440 4317; baseline -0.004 -19"><span class='ocrx_word' id='word_1_244' title='bbox 209 4243 378 4315; x_wconf 89' lang='lat' dir='ltr'><strong>tum,</strong></span> <span class='ocrx_word' id='word_1_245' title='bbox 423 4234 542 4317; x_wconf 90' lang='lat' dir='ltr'><strong>qui</strong></span> <span class='ocrx_word' id='word_1_246' title='bbox 586 4238 683 4297; x_wconf 93' lang='lat' dir='ltr'><strong>est</strong></span> <span class='ocrx_word' id='word_1_247' title='bbox 728 4233 801 4296; x_wconf 92' lang='lat' dir='ltr'><strong>in</strong></span> <span class='ocrx_word' id='word_1_248' title='bbox 844 4232 1006 4297; x_wconf 82' lang='lat' dir='ltr'><strong>foco.</strong></span> <span class='ocrx_word' id='word_1_249' title='bbox 1043 4231 1262 4313; x_wconf 89' lang='lat' dir='ltr'><strong>Atque</strong></span> <span class='ocrx_word' id='word_1_250' title='bbox 1300 4249 1453 4293; x_wconf 91' lang='lat' dir='ltr'><strong>cum</strong></span> <span class='ocrx_word' id='word_1_251' title='bbox 1479 4228 1563 4308; x_wconf 93' lang='lat' dir='ltr'><strong>II,</strong></span> <span class='ocrx_word' id='word_1_252' title='bbox 1592 4228 1695 4307; x_wconf 86' lang='lat'><strong>10,</strong></span> <span class='ocrx_word' id='word_1_253' title='bbox 1723 4228 1760 4289; x_wconf 87' lang='lat'><strong>3</strong></span> <span class='ocrx_word' id='word_1_254' title='bbox 1799 4226 2111 4310; x_wconf 88' lang='lat' dir='ltr'><strong>legimus:</strong></span> <span class='ocrx_word' id='word_1_255' title='bbox 2144 4225 2440 4309; x_wconf 75' lang='lat' dir='ltr'><strong>jiqkarmy</strong></span> 
     </span>
     <span class='ocr_line' id='line_1_32' title="bbox 209 4336 2439 4441; baseline -0.004 -18"><span class='ocrx_word' id='word_1_256' title='bbox 209 4359 436 4441; x_wconf 72' lang='lat' dir='ltr'><strong>Aqnim</strong></span> <span class='ocrx_word' id='word_1_257' title='bbox 494 4358 750 4423; x_wconf 63' lang='lat' dir='ltr'><strong>havisha‘</strong></span> <span class='ocrx_word' id='word_1_258' title='bbox 785 4358 1042 4440; x_wconf 71' lang='lat' dir='ltr'><strong>thtena</strong></span> <span class='ocrx_word' id='word_1_259' title='bbox 1088 4336 1647 4438; x_wconf 61' lang='lat' dir='ltr'><strong>pratikshiyantam</strong></span> <span class='ocrx_word' id='word_1_260' title='bbox 1692 4352 2030 4417; x_wconf 75' lang='lat' dir='ltr'><strong>bhuvandni</strong></span> <span class='ocrx_word' id='word_1_261' title='bbox 2072 4350 2256 4433; x_wconf 67' lang='lat' dir='ltr'><strong>vifva‘,</strong></span> <span class='ocrx_word' id='word_1_262' title='bbox 2303 4370 2439 4415; x_wconf 86' lang='lat' dir='ltr'><strong>non</strong></span> 
     </span>
    </p>
   </div>
   <div class='ocr_carea' id='block_1_5' title="bbox 211 4476 2438 4629">
    <p class='ocr_par' dir='ltr' id='par_1_8' title="bbox 211 4476 2438 4629">
     <span class='ocr_line' id='line_1_33' title="bbox 211 4476 2438 4566; baseline -0.005 -17"><span class='ocrx_word' id='word_1_263' title='bbox 211 4485 427 4551; x_wconf 91' lang='lat' dir='ltr'><strong>solum</strong></span> <span class='ocrx_word' id='word_1_264' title='bbox 489 4484 692 4549; x_wconf 85' lang='lat' dir='ltr'><strong>valet:</strong></span> <span class='ocrx_word' id='word_1_265' title='bbox 752 4531 793 4562; x_wconf 98' lang='lat'><em>„</em></span> <span class='ocrx_word' id='word_1_266' title='bbox 810 4482 1053 4566; x_wconf 86' lang='lat' dir='ltr'><strong>Agnim</strong></span> <span class='ocrx_word' id='word_1_267' title='bbox 1116 4482 1363 4562; x_wconf 90' lang='lat' dir='ltr'><strong>butyro</strong></span> <span class='ocrx_word' id='word_1_268' title='bbox 1410 4480 1746 4562; x_wconf 81' lang='lat' dir='ltr'><strong>adsperge,</strong></span> <span class='ocrx_word' id='word_1_269' title='bbox 1795 4479 2016 4557; x_wconf 91' lang='lat' dir='ltr'><strong>deum,</strong></span> <span class='ocrx_word' id='word_1_270' title='bbox 2059 4476 2176 4559; x_wconf 90' lang='lat' dir='ltr'><strong>qui</strong></span> <span class='ocrx_word' id='word_1_271' title='bbox 2221 4480 2438 4541; x_wconf 90' lang='lat' dir='ltr'><strong>totum</strong></span> 
     </span>
     <span class='ocr_line' id='line_1_34' title="bbox 1136 4586 2161 4629; baseline -0.005 5"><span class='ocrx_word' id='word_1_272' title='bbox 1136 4604 1139 4609; x_wconf 96' lang='lat'>·</span> <span class='ocrx_word' id='word_1_273' title='bbox 2135 4586 2161 4629; x_wconf 75' lang='lat' dir='ltr'><strong>a</strong></span> 
     </span>
    </p>
   </div>
  </div>
 </body>
</html>
