3325 5200
1591 577 1671 643 15

507 799 635 877 vel,
660 802 734 861 ut
757 796 860 861 ius
883 793 1251 878 estvgentiff
1275 793 1412 872 etl,
1434 793 1536 872 17,
1559 794 1671 856 18:
1695 792 2398 876 „yatbci'kuladlcarmam
2426 790 2745 874 keqaveqdn

509 922 793 1008 kdrayet'’
839 923 884 986 i.
929 941 986 986 e.
1033 940 1270 999 „more
1313 920 1525 1002 gentis
1570 938 1729 982 suae
1776 919 2047 1001 capillos
2092 938 2351 983 comere
2397 919 2581 982 iubet
2631 919 2745 1002 [sc.

510 1046 936 1131 tonsorem].”
1006 1047 1140 1110 Ubi
1205 1046 1351 1109 kula
1415 1046 1591 1109 idem
1659 1064 1797 1109 esse
1865 1050 2063 1127 atque
2114 1051 2287 1125 θοίνα
2346 1045 2746 1108 verisimilli-

511 1196 698 1239 mum
759 1179 854 1238 est
911 1173 1150 1237 collato
1212 1173 1353 1236 loco
1402 1171 1958 1254 Grhyasangrahi‚
2003 1189 2199 1253 quem
2248 1171 2503 1253 primus
2547 1168 2743 1247 Roth,

513 1305 656 1363 tum
701 1299 942 1362 Miiller
982 1298 1076 1362 l.l.
1121 1316 1267 1380 pag.
1318 1297 1400 1358 53
1447 1295 1763 1379 protulit:

688 1422 1263 1505 dakshinakapardd
1305 1421 1364 1485 V
1353 1421 1635 1485 dsishthd
1672 1410 1921 1505 Zireyds
1968 1420 2433 1503 trikapardinah

689 1549 1030 1630 Anyirasah
1068 1528 1425 1630 ραῖσαστῖᾶιῖ
1457 1547 1693 1611 munda*
1719 1547 2041 1628 Bbrqavak
2086 1546 2453 1630 qikhino’nye

516 1677 559 1740 i.
601 1695 656 1739 e.
697 1673 1134 1754 „Vasishthas
1158 1663 1228 1737 in
1253 1674 1524 1738 modum
1548 1674 1834 1739 conchae
1858 1680 2221 1739 exstructos
2241 1675 2513 1758 capillos
2536 1695 2575 1738 a
2600 1676 2750 1739 dex·

515 1807 618 1865 tra
650 1801 914 1878 habent,
951 1789 1180 1882 Ktreyi
1208 1805 1336 1864 tres
1358 1800 1733 1864 huiusmodi
1759 1800 2057 1878 conchaS,
2076 1801 2368 1883 quinque
2385 1804 2522 1864 toto
2542 1801 2752 1882 capite

517 1926 728 1990 crines
760 1930 913 1989 sunt
937 1924 1292 2007 AngirasiS,
1319 1931 1454 1989 toto
1479 1926 1691 2007 capite
1715 1925 1885 1988 tonsi
1911 1925 2214 2008 Bhaegavi,
2240 1925 2391 1987 aliis
2413 1925 2484 1987 in
2510 1925 2753 1988 vertice

517 2051 746 2133 capitis
785 2069 920 2112 una
958 2055 1054 2112 est
1092 2048 1351 2113 crista.”
1390 2050 1638 2112 Eodem
1678 2055 1868 2132 pacto
1893 2049 1964 2112 in
1990 2048 2751 2132 Baudhayanaprayogo,

515 2194 661 2257 pag.
689 2176 750 2252 4,
799 2193 840 2236 a
883 2175 1187 2256 legimus:
1210 2173 2046 2257 ‘yathd'huldcdraprdptalcffo
2064 2171 2755 2256 vd'nnaprdfanalcdlah,

518 2301 561 2362 i.
609 2319 664 2363 e.
710 2299 963 2382 „primi
1009 2299 1139 2362 cibi
1185 2299 1630 2363 initiationem
1682 2300 1884 2363 etiam
1932 2319 2009 2363 eo
2056 2306 2350 2383 tempore
2394 2301 2535 2364 fieri
2581 2301 2753 2377 licet,

517 2442 647 2506 quo
701 2443 846 2487 mos
890 2429 982 2487 est
1029 2423 1386 2488 familiae.”
1433 2425 1536 2488 Ex
1582 2425 1683 2488 his
1728 2425 1926 2489 simul
1972 2429 2261 2508 apparet,
2308 2424 2753 2488 diversitatem

519 2568 780 2613 morum
843 2549 1016 2614 inter
1062 2555 1237 2639 ,φρένα
1299 2551 1571 2634 (gentes)
1637 2551 1917 2616 minime
1963 2551 2200 2631 deesse,
2245 2551 2514 2636 perinde
2560 2556 2755 2633 atque

518 2675 693 2758 apud
749 2675 1087 2740 Romanos
1145 2677 1356 2741 Varro
1415 2682 1645 2742 auctor
1704 2682 1799 2741 est
1845 2679 1972 2755 „in
2021 2680 2451 2742 Serranorum
2502 2678 2757 2741 familia

509 2801 878 2884 qmtilieium
937 2821 1074 2867 esse
1131 2804 1409 2867 feminas
1469 2804 1648 2868 linea
1702 2808 1882 2868 veste
1927 2824 2061 2869 non
2109 2803 2250 2868 uti''
2300 2804 2493 2885 (Plin.
2541 2804 2625 2868 H.
2670 2803 2753 2867 N.

517 2928 699 3006 XIX,
766 2928 825 3006 1,
889 2929 952 3011 2)
1019 2934 1083 2992 et
1144 2929 1410 2992 aliunde
1473 2930 1735 3009 scimuS,
1798 2934 1953 2994 ante
2016 2929 2269 2992 Sullam
2329 2928 2669 2992 neminem
2719 2947 2793 3023 e¹

515 3058 711 3135 gente
771 3050 1080 3117 Cornelia
1138 3057 1502 3118 crematum
1567 3073 1703 3117 esse
1734 3053 1919 3135 ·(vid.
1966 3053 2137 3118 Plin.
2184 3054 2268 3118 H.
2315 3053 2398 3118 N.
2445 3054 2589 3132 VII,
2640 3053 2754 3130 54;

519 3175 656 3241 Cic.
705 3177 784 3241 de
829 3178 1021 3261 Legg.
1059 3177 1143 3257 ΙΙ,
1187 3180 1328 3262 22);
1369 3179 1504 3241 alia
1542 3178 1923 3242 huiusmodi
1959 3179 2108 3243 vide
2147 3179 2323 3262 apud
2358 3178 2751 3243 Beckerum:

518 3302 766 3381 „Rom
812 3301 1140 3367 Alterth.”
1185 3304 1269 3381 H,
1321 3304 1380 3381 1,
1426 3323 1572 3387 pag.
1620 3305 1727 3368 49.

607 3424 1058 3509 Quamquam·
1091 3427 1296 3509 igitur
1353 3428 1568 3492 multa
1625 3433 1781 3492 sunt
1839 3429 1909 3491 in
1966 3428 2208 3511 quibus
2252 3433 2494 3512 genteS,
2541 3429 2757 3491 multa

521 3552 589 3613 in
636 3552 877 3634 quibus
935 3553 1194 3617 scholae
1260 3554 1544 3633 vedicae‚
1607 3554 1885 3636 ideoque
1930 3554 2323 3637 grhyasfitra
2368 3553 2755 3637 discrepant,

521 3679 642 3742 hoc
688 3678 1042 3742 tenendum
1093 3684 1208 3757 est,
1251 3680 1325 3742 in
1371 3699 1635 3743 summa
1680 3699 1901 3743 rerum
1952 3700 2182 3745 omnes
2223 3681 2614 3763 conspirare,
2660 3685 2758 3743 at-

519 3822 647 3886 que
739 3823 908 3886 quae
985 3804 1133 3868 Indi
1211 3811 1446 3869 vocant
1517 3806 2113 3887 pradkdnakarmdni
2186 3826 2273 3871 sc.
2352 3806 2758 3870 ceremonias

518 3930 842 4013 principes
897 3930 1206 3995 omnibus
1251 3950 1389 3995 esse
1435 3950 1843 3997 communes.
1904 3931 2135 4014 Neque
2181 3933 2254 3995 in
2298 3932 2757 4015 comparandis

520 4059 950 4138 cognatorum
993 4056 1388 4139 populorum
1434 4056 1824 4120 ceremoniis
1868 4057 2001 4121 alio
2044 4057 2240 4121 modo
2285 4058 2533 4121 versari
2572 4076 2755 4140 opor·
2845 4040 2855 4046 ’

521 4186 642 4258 tet3
690 4201 823 4245 non
869 4181 941 4244 in
989 4182 1262 4265 singulis
1305 4158 1739 4265 exspectanda
1784 4187 1880 4246 est
1916 4182 2343 4261 concinnitas,
2383 4201 2618 4245 verum
2658 4202 2754 4260 ea,

518 4325 690 4389 quae
750 4308 1160 4380 ceremoniae
1216 4313 1527 4371 naturam
1591 4307 1861 4385 faciunt,
1924 4307 2064 4371 sine
2124 4308 2365 4389 quibus
2424 4326 2560 4371 esse
2621 4327 2757 4370 non

518 4436 748 4515 potest,
811 4433 986 4515 apud
1046 4451 1275 4496 omnes
1335 4432 1611 4515 populos
1670 4431 1850 4495 ariae
1910 4433 2129 4521 stirpis
2187 4432 2381 4495 initio
2452 4431 2755 4511 valuisse,
