3325 5200
1653 531 1733 643 ιε’)

575 788 698 854 hoc
743 793 858 868 est,
895 790 1072 873 quod
1107 789 1178 852 in
1217 777 1791 874 Xpastambiya·et
1826 790 2809 878 Baudhayanagrhyaprayogis,

573 932 763 996 quae,
824 918 900 977 ut
957 913 1300 996 scriptores
1353 915 1592 978 diserte
1635 915 2045 998 profitentur,
2092 935 2213 999 ope
2255 915 2811 999 Baudhayanasfi·

573 1045 826 1103 trorum
887 1038 1194 1116 alterum,
1255 1039 1541 1103 alterum
1588 1029 2402 1124 Kpastambiyasdtrorum
2448 1046 2811 1127 composita

569 1171 742 1244 sunt,
787 1167 845 1230 is
881 1167 1038 1232 ordo
1077 1167 1655 1232 constellationum
1693 1167 2034 1231 lunarium
2079 1167 2639 1254 (nakshatrorum)
2680 1191 2809 1235 ser-

573 1297 788 1371 vatur,
833 1313 1034 1377 quem
1071 1297 1216 1376 post
1253 1312 1509 1356 annum
1549 1293 1699 1371 450,
1746 1312 1833 1356 ne
1867 1293 2083 1356 dicam
2130 1294 2279 1372 500,
2318 1314 2510 1359 aerae
2548 1301 2809 1362 nostrae

571 1419 928 1484 invaluisse
973 1425 1228 1485 constat
1277 1417 1351 1504 1).
1399 1419 1846 1484 Vehementer
1880 1419 2084 1502 igitur
2120 1425 2217 1484 est
2254 1421 2631 1500 dolendum,
2665 1423 2808 1506 ipsa

568 1546 980 1629 grhyasutra,
1043 1545 1218 1610 unde
1277 1545 1346 1608 hi
1407 1545 1757 1608 materiam
1819 1563 2007 1608 suam
2073 1546 2451 1625 hauserunt,
2506 1548 2807 1612 nondum

571 1673 746 1736 edita
803 1693 974 1752 esse3
1034 1671 2027 1756 Baudhayanagrhyasutrorum
2094 1672 2333 1750 nescio,
2396 1692 2483 1735 an
2530 1673 2805 1738 omnino

569 1799 642 1860 in
698 1799 966 1880 Europa
1017 1797 1185 1862 liber
1243 1815 1436 1860 mscr.
1497 1799 1724 1874 exstet,
1782 1785 2541 1880 Kpastambiyagrhyam
2602 1800 2807 1862 conti-

571 1927 802 1987 nentes
861 1927 990 1986 tres
1053 1925 1530 1988 enumerantur
1589 1921 1842 1986 codices
1886 1923 1957 1984 in
2004 1923 2299 2006 catalogo
2344 1942 2545 2006 quem
2591 1925 2805 2007 publi-

571 2049 746 2112 cavit
781 2048 1053 2112 Burnell
1089 2049 1163 2110 in
1195 2046 1550 2112 Triibner’s
1572 2094 1613 2124 ,‚
1633 2046 1987 2111 American
2012 2047 2143 2110 and
2166 2046 2464 2113 Oriental
2486 2048 2803 2129 Record'’,

575 2173 762 2251 1869,
825 2193 971 2256 pag.
1030 2175 1178 2238 594.
1228 2174 1298 2236 Si
1345 2173 1522 2236 enim
1574 2178 1646 2235 ut
1692 2172 1907 2236 multa
1954 2172 2106 2253 alia,
2152 2174 2243 2238 sic
2290 2175 2801 2239 nakshatrorum

571 2298 727 2361 ordo
789 2317 870 2360 ex
929 2297 1128 2361 sfitris
1188 2297 1568 2379 desumptus
1631 2301 1747 2375 est,
1795 2296 1954 2360 haec
2000 2297 2264 2379 quidem
2315 2299 2443 2364 duo
2490 2298 2673 2363 sfitra
2719 2300 2803 2363 ad

567 2427 850 2487 aetatem
913 2428 1069 2486 sunt
1128 2422 1462 2486 referenda
1523 2423 1735 2486 multo
1796 2423 2241 2504 posteriorem,
2303 2443 2506 2506 quam
2561 2425 2805 2488 Miiller

566 2548 884 2632 permisit.
921 2548 1144 2613 Donec
1183 2549 1304 2613 hoc
1343 2552 1753 2631 compertum
1795 2548 1937 2627 erit,
1966 2548 2087 2613 sub
2110 2548 2323 2614 iudice
2345 2549 2427 2613 lis
2450 2550 2533 2614 sit
2544 2576 2561 2629 3
2587 2569 2801 2633 neque

564 2693 682 2756 ego
744 2673 900 2737 satis
952 2674 1156 2737 calleo
1205 2674 1428 2738 literas
1475 2672 1900 2737 Sanscriticas
1946 2673 2028 2735 ad
2074 2692 2215 2737 rem
2264 2679 2520 2737 tantam
2565 2675 2800 2738 diiudi-

564 2798 877 2876 canda1n3
941 2818 1094 2861 cum
1140 2818 1296 2862 vero
1343 2797 1767 2881 chronologia
1812 2798 2042 2863 Indica
2086 2799 2468 2862 etiamnunc
2514 2804 2659 2882 post
2704 2806 2800 2865 tot

563 2924 859 2988 virorum
900 2924 1241 2987 doctorum
1281 2924 1560 2987 eximios
1600 2923 1858 2987 labores
1896 2924 2114 3007 spissis
2152 2924 2467 2989 obvoluta
2503 2926 2587 2989 sit
2624 2929 2800 2989 tene-

564 3050 717 3127 bris,
760 3049 855 3112 nil
895 3049 1360 3133 negligendum
1402 3068 1538 3113 esse
1577 3054 1777 3126 rat-us,
1803 3048 1979 3131 quod
2002 3049 2294 3131 aliquam
2322 3049 2557 3114 saltem
2582 3050 2797 3114 lucem

565 3174 794 3237 afferre
835 3175 1056 3257 possit,
1105 3174 1367 3237 silentio
1415 3173 1576 3237 haec
1622 3173 1981 3256 praeterire
2028 3173 2236 3236 nolui.

651 3300 793 3364 Hoc
851 3306 1079 3363 tamen
1127 3320 1208 3365 ex
1253 3299 1791 3383 praecedentibus
1835 3298 1974 3361 iam
2018 3300 2346 3362 consecuti
2394 3319 2621 3362 sumus
2664 3321 2797 3363 non

563 3446 821 3490 necesse
893 3446 1048 3504 esse,
1112 3431 1184 3489 ut
1236 3426 1365 3489 nisi
1420 3426 1594 3488 inter
1638 3429 1949 3506 angustos
1994 3443 2158 3506 quos
2201 3424 2441 3487 Milller
2488 3426 2799 3507 temporis

567 3551 994 3617 circumdedit
1048 3552 1228 3627 fines,
1275 3553 1456 3612 sutra
1503 3568 1634 3613 non
1685 3568 1819 3612 esse
1865 3548 2227 3631 composita
2268 3553 2604 3631 putemus3
2650 3549 2798 3611 reli-

562 3697 772 3760 quum
830 3681 945 3755 est,
1008 3683 1081 3740 ut
1140 3676 1686 3751 demonstremus»,
1748 3675 1826 3737 de
1885 3679 2100 3738 aetate
2151 3662 2593 3756 Xcvalfiyani,
2670 3674 2797 3737 Ka-

562 3802 858 3884 tyayani,
922 3801 1229 3891 (faunam
1292 3800 1408 3882 qui
1467 3799 1693 3881 kalpa-
1756 3804 1821 3863 et
1867 3797 2409 3882 grhyasfitrorum
2457 3799 2800 3882 scriptores

559 3929 994 4006 celebrantur,
1051 3928 1298 4011 pariter
1357 3925 1523 3987 nihil
1597 3924 1870 4006 liquere.
1920 3924 2095 3987 Nam
2141 3943 2275 4006 qua
2320 3925 2575 3989 ratione
2620 3927 2797 4009 inge-

560 4054 829 4133 niosiuS,
891 4073 1095 4136 quam
1154 4052 1395 4141 verius,
1443 4070 1524 4113 ex
1569 4050 1757 4113 factis
1804 4049 2349 4131 quasi-historicis
2389 4050 2631 4114 Miiller
2678 4051 2794 4132 (1.1.

626 4350 666 4415 ¹)
713 4348 793 4402 De
837 4348 922 4403 his
959 4348 1222 4403 codicibus
1264 4345 1367 4398 vid.
1413 4344 1582 4407 infra3
1630 4346 1780 4397 totus
1825 4342 1987 4407 locus,
2024 4358 2126 4411 quo
2158 4340 2555 4396 nakshatrorum
2588 4343 2798 4397 nomina

559 4458 935 4505 enumerantur
967 4452 1072 4505 vid.
1104 4451 1160 4505 iu
1199 4446 1494 4518 appendice,
1527 4446 1651 4499 huic
1687 4445 1933 4514 opusculo
1968 4444 2219 4499 subiecta
