3325 5200
1613 573 1736 642 112

822 782 1035 856 madbu
1077 792 1321 856 naktam
1365 794 1635 856 uto-iliaco
1677 794 2016 856 madlmmat
2054 793 2401 874 pdrtlcivam
2451 793 2652 876 rajali‚

1164 919 1385 994 madhu
1430 921 1623 1002 dyaur
1667 925 1806 982 astu
1850 919 1978 982 nah
2017 919 2160 1000 pieta*

818 1045 1169 1108 madhumdn
1224 1067 1297 1108 no
1354 1043 1409 1106 V
1405 1045 1720 1126 anaspatir
1757 1045 2106 1108 madkumdn
2152 1051 2288 1108 astu
2333 1044 2589 1128 Sa'ryali,

1170 1169 1437 1234 mczdkzrir
1470 1171 1619 1252 ιᾳιῖιὊ
1664 1172 1962 1234 bhavantu
2008 1172 2154 1233 nah.

643 1299 687 1362 i.
713 1318 768 1362 e.
805 1298 1108 1375 „madhu
1143 1299 1326 1360 venti
1356 1298 1463 1380 pio
1498 1298 1918 1381 profundant,
1959 1298 2204 1360 madhu
2241 1317 2473 1380 aquae,
2517 1297 2795 1360 madhus

552 1425 749 1507 plena
807 1423 1001 1512 nobis
1061 1424 1191 1487 sint
1250 1424 1511 1501 herbae,
1577 1424 1828 1486 madhu
1892 1444 2026 1486 nox
2075 1428 2140 1486 et
2185 1423 2498 1501 dilucula,
2549 1424 2796 1486 madliu

554 1551 787 1614 referta
848 1555 1021 1613 terra
1080 1550 1183 1627 sit,
1246 1550 1492 1612 madhu
1554 1550 1639 1611 sit
1703 1549 1895 1613 nobis
1954 1549 2212 1614 eoelum
2275 1553 2478 1630 pater,
2551 1549 2795 1610 madhu

552 1675 788 1758 plenus
858 1675 1250 1757 Vanaspatis
1322 1674 1390 1755 (i.
1426 1694 1481 1738 e.
1518 1674 1748 1758 Agnis)
1823 1674 2103 1738 madhus
2166 1674 2401 1756 plenus
2469 1673 2598 1751 Sol,
2661 1692 2796 1735 ma-

556 1800 721 1863 dhus
783 1800 1081 1882 turgidae
1141 1801 1333 1864 nobis
1400 1801 1535 1862 sint
1603 1799 1911 1863 vaccae”.
1980 1799 2059 1862 In
2096 1800 2248 1862 Ath.
2285 1799 2446 1888 Yed.
2481 1798 2599 1875 IX,
2628 1799 2687 1876 1,
2718 1799 2796 1859 18

556 1929 750 2008 poet-a
788 1927 963 1989 inter
1008 1925 1143 1988 alia
1187 1930 1517 2008 precatur:

724 2053 855 2133 psad
885 2050 1119 2131 qirisku
1148 2051 1518 2132 parc-atesku
1552 2051 1732 2132 yoslw
1776 2051 2024 2130 apt-esau
2061 2072 2188 2133 ,γαπ
2229 2049 2446 2111 madbu

732 2175 1019 2259 surdydm
1064 2174 1545 2259 sicyamclnassydm
1585 2182 1698 2258 yat
1746 2181 1911 2238 tatra
1955 2175 2170 2238 madbu
2219 2180 2326 2236 tan
2378 2172 2536 2255 maji

556 2302 787 2385 „quod
832 2302 1081 2364 madhu
1128 2306 1222 2364 est
1268 2302 1337 2364 in
1386 2302 1724 2365 montibus
1771 2301 2062 2383 rupibuS,
2111 2301 2182 2362 in
2229 2301 2445 2364 bubus
2487 2291 2665 2381 quod
2705 2302 2799 2360 est

557 2416 628 2488 in
674 2426 878 2508 equiS,
925 2427 995 2489 in
1043 2427 1196 2490 sura
1244 2427 1524 2510 (liquore
1546 2427 1836 2508 quodam
1862 2426 2088 2509 dulci),
2135 2445 2290 2488 cuin·
2327 2426 2675 2508 spargitur,
2724 2424 2792 2487 id

560 2551 643 2615 sit
698 2527 1013 2616 in'me”.
1074 2552 1197 2615 His
1244 2559 1309 2617 et
1355 2553 1686 2617 similibus
1732 2553 1894 2617 locis
1943 2551 2029 2634 (v.
2055 2571 2109 2616 e.
2133 2550 2214 2615 A.
2241 2551 2321 2616 v.
2348 2552 2397 2630 1,
2427 2551 2533 2636 34)
2584 2551 2798 2615 madan

560 2677 881 2759 significat
942 2677 1406 2760 quodcumque
1475 2683 1572 2741 est
1642 2678 1894 2741 bonum
1955 2678 2245 2740 faustum
2304 2677 2480 2740 felix.
2544 2679 2798 2740 Sermo-

558 2803 661 2865 nis
706 2801 977 2867 dulcedo
1021 2804 1131 2866 cui
1180 2808 1295 2879 est,
1334 2804 1388 2865 is
1430 2823 1561 2867 non
1604 2804 1824 2865 minus
1866 2802 2234 2881 madkumdn,
2288 2821 2491 2885 quam
2546 2799 2798 2874 ἡδυεπής

559 2926 793 2991 Nestor
852 2927 983 3005 ille,
1044 2928 1231 2991 cuius
1292 2929 1422 2992 alio
1483 2928 1769 3009 epitheto
1809 2927 2214 3005 μελίγλωσ-σος
2254 2928 2499 3011 optime
2538 2946 2796 3009 respon-

558 3052 666 3114 det
708 3071 947 3115 sanscr.
994 3052 1395 3136 madlcujihca.
1444 3052 1635 3133 Quod
1682 3059 1906 3118 autem
1953 3054 2026 3116 in
2073 3064 2232 3117 voc‘e
2277 3052 2570 3136 generali
2609 3072 2797 3135 saepe

560 3177 963 3255 observatur,
1024 3182 1371 3260 postquam
1437 3178 1519 3241 ad
1580 3179 1795 3241 varias
1835 3178 2036 3241 simul
2080 3197 2182 3241 res
2227 3178 2456 3241 eodem
2498 3177 2643 3245 iure
2689 3196 2800 3259 ap-

560 3301 802 3383 plicata
861 3302 962 3380 sit,
1022 3303 1406 3385 procedente
1467 3307 1761 3385 tempore
1819 3323 2060 3387 paucas
2120 3303 2225 3365 vel
2285 3322 2488 3365 unam
2537 3306 2798 3365 tantuin

562 3445 643 3488 ex
709 3427 805 3488 his
867 3426 1203 3509 designare
1268 3447 1413 3491 eain
1478 3428 1786 3511 incipere,
1836 3429 1906 3492 id
1951 3428 2150 3492 etiam
2197 3429 2413 3497 madbu
2458 3410 2801 3510 contigisse

560 3551 883 3615 videmus.
946 3552 1046 3615 Ita
1109 3553 1355 3659 factum
1413 3558 1527 3632 est,
1590 3558 1663 3617 ut
1725 3555 1964 3617 sensim
2027 3555 2098 3617 in
2160 3572 2401 3618 nomen
2452 3553 2688 3630 melliS,
2735 3558 2800 3617 et
2914 3595 2919 3600 -

562 3674 704 3736 vini
780 3674 1005 3754 dulciS,
1067 3678 1208 3739 suci
1266 3680 1500 3740 florum
1563 3678 1718 3759 (vid.
1744 3680 1900 3742 Lex.
1924 3680 2182 3762 Petrop.
2209 3700 2257 3743 s,
2284 3700 2346 3742 v.
2372 3679 2610 3764 madb‘eo)
2658 3699 2798 3742 ver-

564 3803 727 3863 teret
787 3800 1023 3863 madhu.
1081 3802 1230 3878 Lac,
1279 3802 1601 3883 butyrum
1649 3808 1712 3865 et
1750 3803 1998 3865 similia
2036 3802 2260 3867 eodem
2315 3804 2528 3865 madlm
2587 3794 2820 3865 aetate'

563 3923 811 3987 Vedica
864 3923 1078 3988 adhuc
1129 3926 1546 4015 appellantur
1598 3928 1885 4004 nomine,
1956 3946 2172 4009 neque
2217 3926 2432 3990 madku
2476 3926 2652 4009 quod
2697 3946 2797 3989 su-

563 4068 681 4131 pra
736 4049 807 4111 in
874 4051 1087 4113 bubus
1144 4056 1219 4113 ut
1275 4052 1360 4114 sit
1418 4052 1766 4134 flagitatur,
1828 4053 2008 4116 aliud
2047 4053 2210 4134 quid
2247 4072 2381 4117 esse
2419 4057 2630 4135 potest
2667 4053 2796 4114 nisi

564 4176 688 4240 lac.
736 4174 983 4255 Quodsi
1032 4177 1161 4240 mel
1209 4183 1275 4241 et
1320 4178 1421 4241 lac
1468 4198 1603 4241 una
1648 4178 1964 4256 „dulcis”
2003 4179 2439 4263 appellatione
2477 4179 2796 4242 vocaban-

564 4307 694 4379 tur,
754 4321 871 4384 per
914 4322 981 4365 se
1026 4302 1335 4385 quodque
1379 4303 1488 4366 vel
1531 4304 1907 4385 promiscua
1952 4324 2030 4368 ea
2073 4323 2191 4386 pro
2238 4304 2414 4367 vitae
2461 4308 2657 4385 atque
2701 4322 2796 4397 sa·

565 4425 722 4489 lutis
768 4426 1071 4508 symbolo
1116 4428 1311 4490 fuisse
1358 4447 1491 4491 non
1538 4428 1823 4521 amplius
1870 4434 1982 4509 est,
2030 4430 2208 4511 quod
2255 4430 2592 4493 miremur.
