3325 5200
1630 543 1753 607 121

576 745 806 831 Neque
851 747 1191 814 Plutarchi
1234 751 1357 814 hac
1396 751 1471 814 in
1514 771 1585 816 re
1628 752 1787 817 fides
1833 753 2023 818 nobis
2067 755 2366 836 suspecta
2408 769 2546 814 esse
2591 748 2802 838 debet,

574 892 981 957 quamquam
1032 895 1167 940 non
1230 878 1541 942 omnibus
1600 879 1762 943 disci
1807 879 2086 963 figuram
2133 879 2330 942 fuisse
2374 877 2645 953 scimus,
2692 892 2803 936 va-

509 1052 511 1054 ,
574 999 746 1062 riam
794 1000 977 1064 enim
1023 1002 1337 1066 exhibent
1360 1004 1663 1086 ,speciem
1711 1023 1824 1069 eae
1873 1023 2043 1088 quae
2089 1008 2375 1068 aetatem
2423 1001 2632 1065 tulere
2677 999 2806 1062 his-

578 1142 733 1188 ceve
793 1128 1198 1208 temporibus
1258 1133 1411 1192 sunt
1465 1129 1750 1194 defossae
1798 1109 1892 1215 1).⁴
1923 1129 2142 1212 Atque
2188 1129 2404 1192 multa
2447 1126 2582 1190 alia
2642 1124 2805 1188 mali

578 1249 753 1313 oculi
784 1252 1150 1315 ‘avertendi
1210 1271 1409 1316 causa
1470 1255 1826 1336 portabant
1889 1255 2094 1337 pueri·
2149 1252 2557 1336 puellaeque,
2617 1250 2805 1314 cuius

578 1374 675 1438 rei
718 1349 1128 1467 luculentum
1178 1379 1631 1444 testimonium
1679 1381 1790 1444 dat
1832 1380 2051 1444 Plaut.
2086 1379 2373 1443 Rudent.
2406 1375 2552 1441 Act.
2577 1375 2674 1439 IV
2703 1376 2804 1440 Sc.

580 1501 641 1564 4.
688 1501 885 1586 Apud
930 1503 1125 1568 Indos
1168 1505 1403 1568 similis
1447 1525 1590 1570 mos
1636 1507 2021 1570 etiamnunc
2067 1505 2339 1570 obtinet.

668 1626 847 1692 Haec
892 1629 970 1693 de
1012 1630 1311 1712 principe
1348 1633 1744 1696 ceremonia.
1781 1631 2107 1714 Reliquae
2143 1634 2262 1694 aut
2297 1628 2804 1712 explicationem
2914 1626 2922 1634 '

546 1726 713 1815 'non
772 1752 1159 1832 desiderant,
1219 1755 1433 1819 veluti
1496 1755 1940 1839 stanapanum
1999 1755 2178 1838 quod
2237 1755 2376 1818 iam
2435 1753 2661 1835 capite,
2711 1771 2805 1815 se-

581 1877 793 1942 cundo
854 1880 1012 1942 satis
1057 1880 1416 1944 illustrasse
1462 1881 1653 1945 nobis
1699 1882 2022 1961 videmur,
2072 1885 2193 1944 aut
2237 1879 2466 1962 paucis
2513 1877 2805 1961 expediri

581 1979 874 2086 possunt.
936 2005 1040 2068 Ex
1098 2006 1339 2088 quibus
1400 2006 1479 2070 de
1536 2025 1634 2086 ea,
1693 2025 1864 2089 quae
1925 2006 2101 2090 apud
2151 1993 2392 2089 Xcval.
2441 2001 2807 2086 precanum

582 2131 810 2212 exipit,
871 2131 1428 2216 medhajananum
1488 2133 1651 2212 dico,
1713 2134 1836 2198 hoc
1899 2137 2163 2196 tantum
2209 2149 2468 2208 moneo,
2514 2129 2807 2200 Mentem

582 2275 622 2318 a
666 2261 853 2338 patre
898 2257 1206 2321 advocari
1248 2259 1371 2321 sub
1413 2258 1581 2323 lucis
1625 2259 1832 2342 signo,
1877 2277 2039 2322 auro
2085 2275 2321 2339 nempe
2366 2254 2642 2317 infantis
2693 2271 2808 2316 au-

579 2381 766 2443 ribus
825 2381 1157 2464 imposito.
1219 2381 1525 2463 Carmen,
1587 2384 1766 2466 quod
1823 2387 1969 2462 tum
2035 2380 2429 2465 pronuntiat
2496 2383 2592 2442 est
2659 2396 2809 2460 pars

588 2506 915 2590 longioris,
955 2509 1130 2590 quod
1168 2509 1503 2592 integrum
1543 2510 1734 2574 nobis
1773 2498 2310 2591 servavitXpast.
2337 2526 2523 2590 pray.
2548 2506 2627 2569 de
2649 2523 2809 2588 upa·

585 2654 851 2717 nayano
897 2654 1095 2719 agens
1138 2656 1283 2720 pag.
1310 2637 1411 2715 30,
1440 2656 1498 2700 a.
1547 2635 1758 2701 Cuius
1807 2638 1904 2700 rei
1953 2636 2360 2700 mentionem
2397 2635 2584 2713 facio,
2619 2652 2810 2716 prop·-

586 2765 765 2825 terea
820 2762 997 2843 quod
1058 2782 1094 2825 e
1144 2763 1493 2827 ruderibus
1545 2762 1885 2846 religionis
1930 2762 2273 2827 Romanae
2317 2764 2610 2843 superest
2652 2758 2810 2822 deae

582 2886 827 2948 Mentis
882 2906 1147 2963 nomen,
1210 2905 1381 2968 quae
1438 2887 1687 2951 bonam
1740 2888 1964 2969 pueris
2023 2886 2221 2961 dabat
2287 2889 2580 2949 mentem
2653 2882 2810 2964 (vid.

584 3009 863 3093 August.
904 3011 983 3074 de
1022 3008 1168 3074 civ.
1206 2994 1333 3075 Dei
1368 3011 1484 3089 IV,
1528 3012 1640 3089 213
1682 3010 1858 3089 VIII,
1901 3010 1964 3093 3)
2027 3015 2095 3073 et
2135 3010 2438 3073 Minerva
2480 3007 2810 3091 quaedam
2875 3017 2909 3081 J

588 3140 1012 3215 memoratur,
1056 3155 1227 3234 quae
1274 3137 1665 3201 memoriam
1713 3137 1799 3199 iis
1843 3135 2179 3199 tribuebat
2228 3134 2382 3217 (vid.
2410 3133 2687 3217 August.
2714 3132 2808 3197 l.l.

586 3258 732 3338 VII,
760 3260 822 3343 3)
875 3256 949 3344 Β).

654 3503 695 3568 ¹)
731 3500 850 3555 Vid.
903 3500 1107 3572 Marqu.
1154 3502 1304 3555 Rom.
1350 3502 1457 3556 Alt.
1480 3503 1542 3567 V,
1563 3504 1629 3559 84
1646 3519 1726 3573 sq.
1744 3519 1862 3557 ann.
1881 3505 1979 3557 446
1997 3520 2104 3573 sq.;
2150 3502 2290 3557 Jahn
2339 3500 2457 3557 Ber.
2505 3500 2598 3555 der
2647 3501 2811 3555 sachs.

589 3593 875 3649 Gesellsch.
910 3592 1003 3647 der
1036 3593 1324 3647 Wissench.
1356 3594 1456 3648 Ph.
1474 3594 1598 3648 hist.
1620 3594 1697 3649 Cl.
1718 3596 1858 3659 1855,
1877 3610 1992 3665 pag.
2009 3596 2091 3648 42.

652 3686 695 3750 ²)
733 3682 1087 3747 Vehementer
1118 3684 1363 3753 suspicor,
1398 3685 1667 3753 ingentem
1699 3684 1846 3738 illam
1879 3684 2216 3738 divinitatum
2243 3682 2504 3737 minorum
2537 3685 2816 3747 catervam,

589 3789 807 3844 quarum
836 3774 1049 3828 nomina
1072 3776 1264 3843 partim
1290 3792 1317 3829 e
1342 3775 1573 3829 Varrone
1598 3773 1758 3829 nobis
1790 3790 2057 3829 servavere
2085 3777 2264 3844 patres
2293 3773 2632 3829 ecclesiastici
2650 3772 2816 3841 potis-

588 3865 793 3929 simum,
826 3862 1021 3937 partim
1054 3882 1170 3921 cum
1203 3866 1334 3935 ipsis
1367 3867 1467 3921 diis
1496 3868 1707 3936 penitus
1741 3867 2074 3927 interierunt,
2111 3884 2218 3921 non
2255 3866 2424 3921 solum
2461 3882 2522 3919 ex
2541 3865 2818 3919 attributis

590 3973 702 4011 esse-
737 3960 921 4023 ortam,
964 3958 1102 4029 quod
1128 3960 1233 4012 iam
1266 3959 1557 4014 luculenter
1591 3959 1882 4013 Ambrosch
1917 3959 1971 4012 in
2007 3960 2216 4030 egregia
2251 3976 2344 4013 sua
2370 3958 2434 4013 de
2452 3957 2820 4027 indigitamen-

588 4048 661 4101 tis
692 4048 1046 4118 disputatione
1091 4050 1321 4104 ostendit
1358 4050 1447 4104 sed
1480 4050 1643 4105 etiam
1677 4050 1837 4104 simili
1869 4050 2022 4105 modo
2058 4054 2241 4105 natum
2279 4053 2438 4121 atque
2475 4048 2610 4118 apud
2651 4048 2816 4113 Indos,

588 4154 775 4207 nempe
818 4156 846 4193 e
890 4141 1205 4195 carminibus
1241 4158 1372 4214 quae
1406 4142 1462 4195 in
1494 4142 1799 4197 ceremoniis
1835 4141 2230 4196 adhibebantur.
2267 4141 2422 4203 Haud
2453 4140 2560 4195 scio
2595 4155 2662 4193 an
2697 4156 2739 4193 e.
2763 4156 2813 4208 g.
2911 4162 2918 4176 ·

590 4228 686 4282 dea
728 4228 878 4284 Mens
905 4230 1103 4302 deaque
1138 4231 1373 4286 Minerva
1406 4232 1771 4286 invocarentur
1803 4232 1860 4285 in
1895 4232 2135 4295 carmine,
2173 4248 2275 4302 quo
2311 4247 2458 4285 meus
2477 4233 2532 4285 et
2563 4230 2814 4283 memoria

588 4319 884 4376 traderetur
915 4322 1120 4377 infanti.
1155 4324 1257 4390 (Cf.
1283 4324 1423 4379 Serv.
1448 4323 1512 4377 ad
1538 4323 1722 4392 Georg.
1742 4323 1785 4389 Ι,
1805 4324 1896 4389 213
1915 4322 2096 4377 Horat.
2117 4322 2244 4391 Epp.
2263 4323 2335 4381 Π,
2357 4324 2400 4387 1,
2419 4323 2483 4377 32
2504 4336 2633 4392 sqq„
2651 4319 2814 4388 inpri-

592 4410 692 4464 mis
710 4412 815 4479 38).
