3325 5200
1284 577 1406 644 103

225 808 375 871 ceps
415 793 660 871 gentes,
706 789 949 870 quibus
994 793 1110 853 aut
1149 789 1315 852 ritus
1352 793 1448 852 est
1484 793 1597 852 aut
1642 789 1912 869 mythus
1951 788 2076 852 huo
2111 788 2464 870 pertinenS,

221 913 633 996 perlustrem,
696 913 979 996 denique
1040 915 1095 977 si
1152 933 1287 978 non
1348 913 1601 979 solvere
1663 918 1888 978 tamen
1965 932 2205 996 ponere
2271 933 2469 978 coner

224 1039 701 1120 quaestionem,
764 1058 897 1122 qua
955 1039 1220 1104 tandem
1269 1058 1338 1102 re
1374 1040 1459 1102 sit
1496 1039 1763 1117 factum,
1801 1045 1876 1103 ut
1913 1039 2255 1102 communi
2291 1059 2466 1120 sym-

226 1164 380 1230 bolo
426 1164 497 1227 in
544 1164 733 1242 re,-si
782 1183 951 1247 quae
989 1164 1142 1240 alia,
1183 1164 1540 1228 domestica
1580 1169 1924 1226 uterentur
1961 1163 2183 1226 variae
2220 1167 2464 1244 gentes,

223 1307 524 1371 quaeque
570 1289 711 1352 eius
755 1288 1042 1370 symboli
1086 1288 1259 1371 apud
1306 1287 1501 1353 Indos
1547 1293 1720 1352 certe
1765 1288 1849 1350 sit
1894 1288 2097 1370 origo.

315 1411 628 1478 Ordinem
690 1414 931 1478 ducant
992 1413 1199 1482 nostri
1245 1413 1565 1476 homine&
1626 1411 1819 1494 Apud
1865 1411 2230 1477 Germanos
2274 1412 2464 1477 lactis

227 1537 525 1602 mellisve
581 1538 1022 1620 gustationem
1090 1538 1161 1599 in
1227 1556 1400 1601 novo
1448 1541 1605 1601 nato
1653 1537 1906 1618 primus
1952 1537 2234 1600 ostendit
2280 1536 2462 1600 disci·

220 1662 555 1745 plinarum
602 1662 1145 1726 Germanicarum
1187 1664 1487 1746 princeps
1526 1669 1726 1746 atque
1765 1668 1970 1745 pater,
2015 1663 2298 1726 Grimm.
2323 1662 2464 1726 Hac

222 1789 405 1854 enim
467 1788 611 1871 lege
673 1789 915 1852 liberos
963 1807 1286 1871 exponere
1332 1789 1590 1866 licebat,
1639 1789 1693 1850 si
1735 1789 1906 1851 nihil
1951 1793 2104 1852 ante
2149 1789 2278 1852 cibi
2317 1809 2463 1870 gus-

222 1912 559 1977 tavissent.
643 1911 849 1976 Cuius
922 1914 1019 1977 rei
1079 1933 1287 1976 unum
1355 1918 1613 1977 tantum
1679 1913 1901 1978 attulit
1968 1914 2461 1991 documentum,

222 2057 455 2102 verum
516 2057 718 2121 grave
779 2045 843 2103 et-
903 2039 1188 2104 evidens.
1252 2039 1327 2102 In
1392 2040 1532 2102 vita
1594 2040 1658 2103 S.
1695 2039 2000 2121 Ludigeri
2037 2039 2089 2117 I,
2117 2039 2460 2120 2(Bowe1·,

224 2181 369 2244 pag.
400 2162 507 2245 37)
573 2163 855 2226 traditur
900 2163 1040 2226 eius
1084 2164 1292 2228 sanc-ti
1341 2173 1648 2242 matrem,
1690 2164 1959 2228 nomine
2006 2164 2458 2247 Liafburgam,

223 2285 623 2368 simulatque
666 2293 823 2349 nata
869 2292 1052 2364 esset,
1102 2288 1283 2350 iussu
1330 2289 1519 2351 aviae
1559 2307 1853 2370 paganae
1890 2288 2300 2370 dolentisque
2323 2288 2458 2352 filio

224 2431 345 2475 suo
393 2417 653 2475 tantum
704 2413 955 2495 puellas
1002 2414 1201 2490 nasci,
1248 2414 1436 2496 aquis
1483 2432 1616 2478 esse
1659 2415 2073 2492 immersam,
2114 2415 2462 2478 reluctanti

224 2557 379 2603 vero
438 2538 769 2621 puellulae
832 2546 896 2603 et
958 2539 1307 2605 brachiolis
1345 2540 1714 2623 marginem
1755 2541 2008 2620 situlae,
2049 2539 2156 2605 cui
2193 2540 2459 2604 immer-

218 2669 500 2748 geretur,
584 2667 854 2744 tenenti,
938 2668 1385 2750 supervenisse
1474 2667 1763 2730 vicinam
1849 2666 2220 2745 mulierem,
2287 2685 2458 2749 quae

222 2792 729 2867 „misc-crescens
773 2792 1121 2874 parvulam
1172 2794 1251 2856 de
1298 2812 1505 2856 manu
1554 2793 1906 2875 mergentis
1951 2792 2193 2874 eripuit
2239 2797 2303 2857 et
2349 2792 2456 2855 do-

222 2936 405 2979 mum
450 2917 791 2999 aufugiens
830 2939 1045 2999 parum
1074 2917 1241 3003 fecit
1278 2925 1523 2999 quetare
1569 2917 1759 2980 mellis
1767 2944 1788 2995 ;
1834 2940 1972 2979 nam
2015 2918 2189 2980 semel
2209 2923 2456 2999 quaean-

222 3049 307 3107 tes
350 3041 587 3125 aliquid
640 3042 913 3128 infantes
954 3046 1119 3125 apud
1152 3066 1421 3125 paqanos
1484 3064 1692 3107 necare
1739 3042 2018 3107 illicitum
2061 3043 2263 3108 eraffl.
2312 3041 2459 3124 Quo

222 3170 393 3233 facto
453 3190 588 3232 non
650 3188 841 3233 ausos
902 3189 1037 3233 esse
1098 3169 1412 3233 mandata
1466 3170 1732 3251 exsequi
1781 3188 1909 3245 eos,
1957 3169 2197 3250 quibus
2243 3169 2458 3231 infans

186 3276 609 3358 'trucidanda
656 3299 818 3359 esset
869 3296 1129 3389 tradita,
1176 3296 1420 3379 quippe
1467 3295 1766 3359 videntes
1811 3316 1925 3372 „se
1967 3295 2039 3357 ab
2068 3294 2252 3379 facto
2286 3293 2458 3375 impio

207 3421 537 3502 prohibitos
614 3421 803 3486 mov.
882 3422 963 3485 In
1048 3422 1212 3485 actis
1291 3442 1345 3485 ο.
1420 3422 1455 3483 6
1532 3393 1595 3485 ει
1663 3422 1693 3483 7
1771 3420 2066 3502 (Leibniz
2105 3420 2154 3499 1,
2199 3422 2302 3497 86,
2345 3420 2451 3503 87)

222 3546 449 3610 eadem
526 3567 627 3609 res
702 3547 903 3610 etiam
977 3548 1299 3629 copiosius
1368 3550 1706 3623 narratur3
1776 3545 1948 3608 unde
2015 3562 2250 3627 operae
2315 3565 2455 3628 pre-

222 3672 387 3735 tium
454 3680 549 3737 est
609 3674 771 3737 haec
830 3673 1181 3737 subiicere:
1236 3721 1309 3750 „.
1341 3721 1354 3735 .
1386 3676 1443 3735 .’.
1474 3719 1709 3735 ......
1751 3670 1868 3752 qui
1910 3676 2214 3752 raperent
2249 3671 2455 3733 filiam
2508 3677 2513 3681 ’

224 3844 416 3860 .....
458 3803 523 3861 et
567 3803 901 3875 necarent,
934 3798 1105 3879 prius
1130 3818 1303 3881 quam
1326 3798 1423 3859 lac
1444 3802 1693 3877 sufferet,
1717 3795 1859 3879 quia
1881 3794 1968 3857 sio
1989 3817 2104 3857 mos
2127 3800 2455 3877 eratpaya-

158 3922 165 3928 ’
220 3942 442 4001 norum,
502 3927 573 3983 ut
628 3922 685 3985 si
729 3922 935 4007 filium
994 3928 1105 3985 aut
1160 3922 1364 4006 filiam
1426 3942 1630 3984 necare
1691 3919 2024 3998 voluissent,
2087 3921 2298 4001 absque
2338 3919 2456 3983 cibo

220 4054 447 4111 temno
469 4049 883 4127 necarentur,”
908 4050 989 4113 cf.
1016 4049 1175 4113 ibid.
1200 4096 1238 4125 „
1248 4047 1422 4131 [puel
1432 4047 1523 4130 la]
1552 4068 1701 4130 quae
1723 4049 1959 4111 necdum
1983 4052 2227 4109 suxerat
2249 4044 2458 4109 matris

219 4172 468 4237 uberffl.
508 4175 593 4238 Et
628 4175 826 4257 paulo
865 4164 1064 4237 in'fra:
1102 4173 1405 4252 „mulier
1443 4177 1688 4251 autem,
1727 4191 1897 4254 quae
1919 4172 2237 4236 infantem
2264 4189 2453 4252 rapu·

219 4299 292 4376 it,
360 4286 705 4363 accurrens
773 4299 1111 4364 lic-toribus
1177 4299 1362 4375 dixit,
1431 4298 1563 4361 mel
1628 4298 1982 4361 comedisse
2036 4296 2325 4380 puellam
2389 4302 2455 4359 et

218 4424 419 4487 simul
484 4424 769 4488 ostendit
828 4443 971 4486 eam
1037 4424 1249 4487 adhuc
1309 4422 1489 4486 labia
1548 4442 1670 4485 sua
1719 4422 2076 4504 lingentem
2123 4426 2182 4483 et
2209 4425 2457 4503 μηρίον
