3325 5200
1604 578 1687 638 59

527 788 683 852 beas
740 786 993 870 aliquid
1055 786 1134 850 de
1195 787 1420 871 ampla
1481 791 1598 850 tua
1649 786 1959 850 'omnium
2028 805 2250 850 rerum
2326 790 2761 871 pretiosarum

527 912 733 995 copia,
801 916 1070 976 centum
1138 913 1347 977 annos
1428 911 1512 974 da
1587 916 1662 976 ut
1720 911 2047 989 vivamus,
2108 913 2584 978 adcrescentem
2650 913 2761 995 (sc.

511 1037 836 1120 multam)
882 1037 1134 1121 prolem
1183 1037 1638 1115 masculinam,
1685 1057 1724 1101 o
1771 1037 2113 1100 maxillate
2163 1034 2211 1115 l)
2262 1037 2624 1121 princeps.’'

615 1161 861 1244 Naray.
920 1162 993 1225 in
1031 1181 1186 1227 ann.
1233 1161 1317 1224 ad
1354 1162 1476 1226 hoc
1514 1160 1771 1225 ssttrum
1812 1162 1968 1225 satis
2004 1162 2335 1245 prolixum
2376 1163 2448 1225 in
2488 1163 2761 1227 modum

527 1287 815 1370 exponit,
862 1286 1256 1350 multifarias
1303 1286 1381 1350 de
1426 1305 1504 1350 ea
1552 1287 1927 1351 ceremonia
1972 1287 2327 1351 sententias
2364 1306 2498 1352 esse
2536 1287 2761 1367 editas,

525 1412 808 1495 indeque
852 1411 1281 1476 dissensiones
1308 1416 1518 1475 ortas.
1566 1409 1741 1474 Nam
1788 1430 2057 1475 carmen
2100 1411 2305 1475 semel
2350 1411 2479 1476 dici
2524 1411 2764 1476 volunt

527 1538 664 1617 alii,
732 1538 980 1601 umeris
1035 1537 1325 1600 invicem
1386 1536 1595 1615 tactis,
1655 1537 1772 1600 alii
1832 1537 1960 1600 tria
2011 1537 2311 1617 carmina
2366 1521 2763 1622 praescripta

525 1665 622 1727 ita
680 1663 1101 1740 distribuunt,
1148 1666 1224 1725 ut
1268 1662 1571 1758 dextrum
1619 1681 1927 1725 umerum
1957 1666 2204 1725 -tenens
2245 1665 2432 1744 pater
2472 1681 2762 1744 pronun-

526 1790 645 1853 tiet
703 1787 929 1871 „aq-ma*
977 1772 1265 1865 bhavdw,
1326 1786 1488 1851 duos
1545 1787 1853 1870 reliquos,
1917 1806 2071 1850 cum
2134 1787 2472 1850 sinistrum
2513 1790 2762 1866 teneat,

525 1913 886 1978 secundum
945 1913 1110 1977 alios
1174 1911 1262 1994 (et
1335 1913 1406 1975 in
1478 1912 1648 1976 hanc
1709 1907 2103 2004 sententiam
2135 1904 2217 1977 'it
2268 1887 2517 1996 noster)¹
2559 1909 2793 1976 semel?

526 2045 656 2103 tres
716 2039 961 2102 mantri
1031 2037 1289 2102 dicendi
1350 2055 1561 2119 neque
1620 2036 1911 2100 invicem
1980 2037 2194 2100 umeri
2256 2037 2540 2100 tenendi.
2605 2036 2761 2100 Tres

525 2183 750 2227 versus
807 2164 1010 2246 igitur
1065 2181 1183 2244 pro
1244 2181 1377 2226 uno
1439 2166 1593 2225 sunt
1658 2161 1974 2226 carmine.
2031 2161 2213 2225 Neve
2280 2161 2759 2226 dubitationem

529 2288 785 2351 iniiciat
828 2287 1226 2351 vocabulum
1273 2285 1367 2365 iti,
1413 2287 1484 2349 in
1524 2287 1754 2350 eodem
1795 2287 1897 2350 bis
1935 2286 2229 2350 carmine
2268 2286 2759 2370 interpositum3

525 2413 702 2497 quod
762 2413 936 2485 haud
993 2431 1141 2475 raro
1202 2412 1298 2474 ita
1331 2412 1497 2475 -fieri
1557 2411 1879 2494 exemplis
1937 2411 2218 2476 ostendit
2262 2415 2759 2476 commentator.

527 2538 843 2603 Attamen
897 2546 1089 2622 yasy'a
1148 2535 1466 2620 traydndm
1524 2536 1893 2620 anyatamah
1938 2536 2169 2617 palcsho
2224 2534 2539 2619 ’baimam
2591 2535 2772 2620 tasyd

526 2664 610 2747 ’pi
665 2664 914 2727 kur-vato
959 2686 1040 2725 na
1086 2663 1312 2726 doskah
1356 2662 1703 2726 sarvesha‘m
1740 2663 2246 2744 yamakavattvdd
2282 2663 2361 2726 iti
2403 2664 2761 2748 szkyalcd-

479 2812 484 2817 ·
525 2789 661 2867 rab,
721 2789 768 2852 i.
814 2806 872 2852 e.
933 2788 1449 2865 „commentarii
1509 2792 1738 2851 auctor
1793 2786 2013 2871 (quem
2062 2787 2237 2851 dicat
2281 2789 2529 2873 nescio)
2570 2808 2763 2872 super

526 2933 605 2978 ea
662 2932 732 2977 re
789 2914 949 2976 haec
1017 2913 1141 2975 ait:
1209 2960 1248 2990 „
1263 2959 1302 2987 ‚,
1317 2912 1720 2995 quicumque
1756 2916 1959 2996 'quae
2025 2931 2061 2976 e
2124 2912 2332 2978 tribus
2399 2913 2463 2977 ei
2527 2914 2759 2996 placet,

527 3058 675 3102 eam
735 3016 990 3101 secutus
1053 3038 1178 3100 erit
1220 3041 1500 3119 partem,
1565 3056 1697 3101 non
1743 3037 2068 3120 'peccabit;
2119 3030 2345 3101 omnes
2390 3039 2565 3102 enim
2614 3058 2758 3122 pro·

527 3162 899 3228 babiles’'”.
2234 3244 2241 3251 μ

612 3288 831 3352 Verbo
877 3305 1135 3365 mone0,
1184 3293 1250 3350 et
1292 3287 1488 3369 Pray.
1536 3286 1736 3351 Ratn.
1783 3308 1931 3351 cum
1975 3288 2097 3352 hac
2135 3290 2338 3354 nostri
2376 3290 2759 3372 interpreta-

525 3414 704 3477 tione
763 3433 915 3477 cum
980 3412 1271 3475 maxime
1332 3413 1736 3496 conspirare:
1798 3414 1976 3476 tatah
2029 3412 2182 3493 φέρον
2226 3434 2447 3477 amsau
2482 3417 2767 3497 yuqapad

523 3537 856 3618 abh‘z‘mrqet,
918 3538 963 3601 i.
1027 3556 1084 3601 e.
1145 3537 1433 3621 „deinde
1491 3536 1699 3619 puelli
1759 3556 2020 3600 umeros
2063 3501 2197 3600 una
2244 3537 2602 3602 mulceto”.
2650 3538 2758 3601 Se·

524 3668 820 3747 quuntur
863 3662 1086 3740 iidem,
1133 3682 1297 3745 quos
1335 3651 1807 3746 'Kcvalayanus
1852 3631 2117 3725 exhibet
2158 3680 2406 3726 versus,

524 3923 638 3961 esse
673 3907 754 3961 uti
793 3907 900 3961 dixi
915 3906 1078 3961 etiam
1095 3906 1405 3961 documento
1423 3907 1548 3960 sunt
1565 3904 1802 3959 nonnulli
1819 3904 1920 3958 loci
1944 3905 2163 3975 Rgvedi,
2190 3904 2378 3975 quibus
2401 3947 2430 3969 „
2442 3878 2759 3976 flagrantis”‚

487 4020 494 4024 ·
523 3999 604 4053 vis
630 3999 948 4053 sententiam
973 3999 1239 4065 restituat,
1272 4015 1426 4068 quam
1462 3996 1773 4064 perdidisses
1808 3995 2075 4060 vertendo,
2108 3999 2171 4050 ut
2206 3996 2391 4061 solent,
2420 4037 2449 4061 ‚‚
2462 3999 2760 4065 praeterve-

522 4088 702 4149 hens''.
757 4088 872 4142 Vid.
921 4090 978 4142 in
1020 4089 1202 4157 primis
1249 4089 1320 4150 ΙΙ,
1355 4089 1434 4153 34,
1473 4090 1521 4142 1:
1559 4103 1768 4156 aqnayo
1802 4104 1873 4139 na
1910 4087 2176 4152 φαςαεᾶηᾶ
2210 4086 2469 4156 ζῘῖεΙιὶηαὴ
2503 4089 2560 4141 et
2588 4086 2653 4152 V,
2675 4088 2758 4151 40,

520 4183 568 4244 4,
605 4178 696 4232 ubi
729 4179 911 4232 Indrus
945 4179 1227 4233 fulminans
1262 4178 1453 4232 dicitur
1485 4180 1636 4247 rjishff
1663 4179 1810 4246 vajrf
1821 4178 2118 4229 'vrskabkas
2154 4178 2410 4231 turdshtit.

590 4271 630 4337 ¹)
677 4270 861 4338 Ciprin
905 4270 1177 4339 epitheton
1221 4272 1303 4323 est
1342 4269 1492 4323 unius
1526 4258 1702 4322 Indri.'
1723 4268 1835 4333 Quo
1870 4267 2055 4321 tendat
2088 4267 2387 4321 maxillatus
2422 4266 2624 4332 IndruS‚
2664 4281 2761 4335 ego

522 4360 748 4429 reperire
800 4377 901 4413 non
945 4361 1109 4429 potui.
1153 4361 1274 4416 Alia
1315 4359 1656 4429 intepretatio
1703 4359 1847 4413 vocis
1894 4358 2127 4427 suciprin
2176 4357 2313 4427 apud
2362 4358 2589 4413 Yfiskam
2646 4355 2759 4411 Nir.

524 4454 571 4515 6,
609 4454 668 4506 17
704 4455 1156 4507 commemoratur.
