3325 5200
1479 1627 2037 1732 CAPUT
2182 1629 2253 1712 L

839 2226 1240 2309 Nuptiarum
1281 2228 1334 2290 si
1380 2229 1527 2310 quis
1571 2229 1979 2311 apud-Indos
2011 2230 2414 2292 ceremonias
2447 2230 2553 2293 vel
2581 2236 2825 2293 temere
2847 2249 2987 2312 per-

752 2353 1055 2429 volverit,
1093 2353 1332 2417 viderit
1368 2353 1595 2436 plenas
1633 2367 1767 2417 esse
1807 2373 1916 2418 eas
1954 2373 2221 2436 precum
2262 2359 2715 2436 votorumque,
2748 2356 2989 2437 quibus

752 2479 912 2542 novi
973 2479 1280 2561 coniuges
1341 2499 1494 2542 cum
1554 2480 1819 2562 longam
1876 2480 2086 2541 vitam
2150 2483 2227 2551 et.
2275 2499 2427 2561 opes
2472 2485 2614 2543 tum
2665 2481 2903 2544 liberos
2950 2500 2989 2542 a

693 2610 696 2612 ’
753 2608 876 2670 diis
934 2607 1244 2689 flagitent,
1308 2578 1532 2689 qualia
1593 2608 1667 2669 in
1726 2607 1953 2690 Haasii
2000 2608 2257 2689 egregia
2304 2608 2380 2670 de
2427 2608 2810 2689 nuptiarum
2857 2608 2991 2670 ritu

752 2732 1205 2813 disquisitione
1249 2732 1490 2814 passim
1539 2731 1860 2795 invenias,
1907 2731 2135 2814 Neque
2182 2733 2449 2796 mirum.
2496 2733 2764 2796 Liberos
2810 2733 2986 2795 enim

752 2858 1083 2939 imprimis
1125 2861 1200 2919 ut
1246 2861 1636 2939 quaererent
1682 2861 1935 2920 veteres
1979 2858 2263 2921 conubia
2309 2858 2823 2940 coniungebant3
2869 2858 2991 2921 hac

755 2970 827 3044 in
885 3000 956 3045 re
1013 2982 1161 3044 Indi
1223 2986 1397 3072 stant
1459 3002 1611 3045 cum
1677 2983 1929 3045 ceteris.
1989 2982 2155 3051 Rem
2220 2987 2447 3046 notam
2510 3000 2643 3046 non
2692 3002 2853 3065 opus
2897 2986 2990 3045 est

754 3108 1056 3189 pluribus
1101 3108 1424 3196 expedire.
1473 3108 1774 3191 Longum
1822 3099 2044 3170 autem
2085 3112 2180 3171 est
2216 3090 2443 3185 omnia
2479 3084 2782 3190 proferre,
2823 3126 2991 3190 quae

756 3234 829 3295 in
911 3233 1221 3297 faciendis
1295 3235 1548 3315 nuptiis
1626 3234 1753 3296 huc
1823 3234 2097 3295 ferentia
2166 3234 2606 3297 adhibeantur
2673 3234 2989 3311 carmina,

758 3378 970 3441 neque
1014 3359 1250 3427 attinet
1262 3385 1297 3453 3·
1327 3360 1492 3440 quin
1536 3359 1606 3420 in
1655 3340 2213 3422 circumductione
2253 3360 2499 3423 circum
2540 3360 2781 3441 ignem,
2823 3378 2989 3422 cere·

759 3484 985 3551 monia
1029 3483 1084 3545 si
1127 3501 1297 3564 quae
1343 3484 1495 3559 alia,
1545 3484 1838 3546 maxime
1877 3483 2177 3562 sollenni,
2218 3490 2565 3567 postquam
2606 3464 2817 3547 novus
2856 3504 2990 3546 ma-

753 3608 923 3672 ‘ritus
981 3627 1249 3672 carmen
1311 3609 1586 3686 muttiit,
1640 3608 2021 3671 Romanum
2073 3601 2265 3671 illudss
2314 3610 2627 3691 „quando
2674 3613 2746 3672 tu
2792 3609 2993 3683 Gaius
3041 3594 3049 3603 ⁶

759 3756 878 3819 ego
923 3735 1139 3798 Gaia''
1185 3737 1466 3799 referens
1514 3733 1586 3819 1),
1644 3737 1802 3799 haec
1856 3737 2029 3799 inter
2074 3736 2208 3819 alia
2252 3736 2459 3799 addit:
2492 3736 2745 3819 prajdm
2779 3736 2992 3819 praja-

760 3861 1098 3945 naydvabai
1127 3863 1440 3939 „utinam
1474 3863 1725 3944 prolem
1760 3862 2248 3945 procreemus’'‚
2291 3867 2363 3925 ut
2395 3867 2488 3925 est
2522 3863 2695 3944 apud
2733 3852 2894 3946 Xev.
2941 3862 2991 3939 Ι,

766 3988 800 4046 6
817 4012 835 4063 3
896 3986 1045 4049 Par.
1108 3986 1158 4063 1,
1225 3988 1259 4047 6
1322 3987 1394 4049 in
1457 3988 1584 4050 fine
1647 4007 1802 4052 vero
1861 3988 2053 4070 plura
2110 3988 2313 4065 affert,
2377 3988 2717 4051 adiiciens:
2770 3986 2995 4069 putra‘n

737 4298 772 4307 '·
831 4292 871 4354 ¹)
910 4289 1025 4342 Vid.
1072 4288 1213 4342 Haas
1255 4289 1308 4340 in
1345 4288 1420 4341 St.
1460 4288 1680 4353 Ind.,V,
1722 4305 1837 4358 pag.
1880 4289 2138 4343 332—341
2182 4290 2403 4356 (Cankh.
2444 4294 2486 4356 I,
2527 4292 2601 4354 13,
2636 4292 2719 4355 4);
2754 4306 2867 4362 pag.
2898 4292 2994 4346 348

589 4355 591 4359 ’
663 4421 705 4444 ,,
767 4380 904 4446 (Par.
948 4382 992 4443 Ι,
1035 4381 1081 4443 6,
1123 4380 1203 4447 3);
1239 4395 1352 4449 pag.
1390 4380 1488 4433 363
1523 4373 1671 4449 (Tm.
1709 4379 1751 4442 1,
1789 4381 1834 4442 7,
1868 4380 1938 4448 5).
