3325 5200
1925 583 2048 642 lo}

868 795 973 855 boe
1025 793 1301 855 illicitum
1344 799 1477 854 eru!
1532 793 1704 854 iacta
1759 815 1962 856 morem
2001 793 2310 874 qentilim
2361 815 2568 854 necare
2609 793 2776 854 illam
2793 795 2860 856 ''.
2927 795 3110 857 Haec

868 917 1097 980 omnia
1138 917 1425 999 exeerpsi
1474 935 1511 978 e
1554 917 1816 978 Grimm
1864 917 2466 998 Rechtsalt.1,1ng.
2493 918 2616 978 457
2641 937 2806 999 sqq„
2849 920 2968 1000 qui
3009 919 3112 979 in-

870 1050 1085 1122 tegros
1138 1039 1303 1102 duos
1360 1039 1535 1104 locos
1592 1042 1888 1123 protulit.
1947 1041 2150 1104 Recte
2201 1041 2378 1103 idem
2423 1061 2506 1104 ex
2549 1043 2636 1103 iis
2677 1043 2798 1104 hoe
2843 1047 3110 1104 tantum

870 1167 1101 1242 effecit,
1158 1167 1371 1228 infans
1416 1167 1545 1230 cibi
1592 1167 1700 1230 vel
1741 1168 2088 1228 minimam
2125 1180 2382 1249 partem
2419 1173 2768 1250 postquam
2817 1169 3113 1250 cepisset,

870 1311 1196 1376 exponere
1234 1311 1389 1356 eum
1432 1293 1535 1354 vel
1574 1311 1810 1356 necare
1841 1293 2224 1375 parentibus
2269 1293 2578 1356 illicitum
2627 1293 2844 1370 fuisse,
2891 1293 3112 1357 mellis

870 1419 1051 1482 enim
1102 1417 1371 1482 laetisve
1424 1427 1684 1500 guttam
1745 1419 1952 1480 vitam
2015 1425 2372 1500 protegere.
2443 1419 2630 1492 „Der
2693 1417 3114 1501 Aussetzling

870 1545 1085 1608 durste
1126 1545 1295 1608 aueh
1344 1544 1511 1606 noch
1552 1564 1674 1626 gar
1715 1543 1946 1607 Xichts
1987 1563 2304 1626 genossen
2353 1545 2590 1606 haben.
2655 1545 2788 1605 Ein
2825 1545 3110 1626 Tropsen

876 1670 1069 1732 ,via-k
1126 1670 1283 1734 oder
1340 1669 1541 1750 Πυκνὶ]
1608 1671 1886 1732 sicherte
1947 1671 2088 1731 ihm
2141 1669 2258 1732 das
2301 1669 2596 1732 Leben'’.
2641 1670 2846 1733 Moris
2891 1671 3110 1747 fuisse,

876 1795 1071 1860 melle
1115 1795 1365 1859 laeteve
1398 1815 1473 1858 os
1508 1797 1643 1858 nati
1689 1795 2006 1871 oblinere,
2045 1795 2326 1857 minime
2349 1804 2548 1876 patet.
2573 1793 2824 1858 Contra
2850 1796 2944 1857 ita
2967 1816 3108 1858 rem

874 1921 1209 1984 enarravit
1250 1927 1549 1984 aetorum
1598 1921 1894 2002 scriptor,
1943 1927 2017 1982 ut
2063 1927 2218 1982 ante
2261 1921 2494 1982 matris
2539 1920 2644 1983 lae
2679 1921 2848 1982 nihil
2887 1939 3114 1983 reeens

876 2056 1029 2114 nato
1088 2049 1219 2114 eibi
1282 2049 1621 2112 admoveri
1681 2049 1946 2112 solitum
2009 2067 2146 2110 esse
2203 2047 2556 2110 Germanis
2615 2048 2944 2123 videatur3
3005 2046 3112 2109 de-

880 2183 1243 2238 monstrare
1280 2175 1459 2237 enim
1502 2174 1788 2251 studens,
1841 2174 2140 2254 „absque
2180 2173 2328 2236 cibo
2367 2173 2682 2236 terreno”
2721 2173 3114 2236 interficien-

874 2301 1027 2364 dam
1090 2301 1287 2364 fuisse
1346 2301 1734 2383 puellulam,
1797 2300 1900 2362 vel
1965 2301 2066 2362 bis
2125 2305 2352 2362 monet
2411 2299 2644 2362 matris
2699 2299 2904 2361 ubera
2961 2318 3112 2362 eam

878 2427 1169 2492 nonduin
1208 2427 1479 2490 suxisse.
1514 2425 1708 2506 Quod
1739 2427 2260 2508 negligentiusne
2305 2426 2390 2488 sit
2427 2425 2697 2501 dietum,
2737 2445 2826 2486 an
2850 2424 3112 2500 rectiuS,

880 2553 1043 2617 mihi
1106 2573 1238 2617 non
1286 2559 1383 2617 est
1430 2561 1862 2636 compertum.
1910 2549 2102 2631 Quod
2147 2556 2368 2627 autem
2433 2569 2468 2613 e
2513 2555 2651 2614 toto
2699 2555 2924 2614 tenore
2969 2569 3120 2612 nar-

878 2678 1151 2741 rationis
1190 2698 1321 2751 non
1363 2684 1650 2760 apparet,
1690 2678 1760 2740 in
1803 2677 1997 2740 melle
2037 2676 2452 2759 potissimum
2491 2676 2742 2757 aliquid
2766 2677 2974 2738 inesse
3001 2695 3118 2756 pu-

878 2804 1023 2881 tari,
1082 2803 1257 2885 quod
1322 2804 1525 2866 vitam
1590 2804 1728 2865 nati
1791 2810 2072 2881 tueatur,
2132 2804 2200 2865 id
2251 2822 2386 2867 non
2449 2804 2672 2885 magni
2721 2804 2909 2865 facio.
2965 2802 3114 2864 Non

876 2930 1249 2993 omanienti
1294 2931 1575 3011 profecto
1618 2950 1818 2993 eausa
1863 2930 2024 2992 talia
2065 2929 2311 3009 mythis
2347 2929 2566 3010 affingi
2603 2928 2834 3003 solent,
2881 2946 3116 2989 verum

874 3074 1065 3119 suam
1128 3074 1429 3137 quaeque
1482 3055 1726 3117 habent
1771 3054 2338 3136 significationem.
2391 3052 2470 3115 In
2519 3057 2695 3115 terra
2737 3052 3115 3115 Frisionum

881 3182 1095 3245 locum
1148 3181 1387 3245 habere
1434 3180 1749 3257 fabulam,
1797 3186 2024 3243 auctor
2069 3184 2166 3241 est
2209 3178 2468 3241 Grimm
2518 3177 2563 3240 1.
2610 3176 2654 3239 l.

964 3306 1389 3389 Quamquam
1450 3306 1757 3387 equidem
1819 3306 2028 3387 magis
2083 3306 2302 3368 tribuo
2350 3304 2566 3381 fidem,
2613 3324 2816 3385 quam
2868 3304 3118 3385 denego

880 3432 1218 3497 monachis
1268 3432 1766 3514 perhibentibus
1813 3431 1993 3493 nefas
2037 3432 2232 3493 fuisse
2277 3431 2550 3513 paganis
2594 3432 2957 3494 interficere
3001 3450 3120 3492 na-

880 3566 996 3634 tos,
1074 3558 1188 3639 qui
1264 3557 1518 3639 aliquid
1579 3558 1708 3620 eibi
1767 3562 2154 3639 gustassent,
2219 3561 2440 3619 tamen
2505 3576 2752 3633 vereor,
2828 3562 2900 3619 ut
2966 3576 3122 3639 pru-

879 3684 1106 3747 denter
1152 3684 1485 3758 faeiamus,
1546 3703 1627 3745 ex
1690 3683 1810 3746 hae
1863 3702 1998 3745 una
2033 3683 2244 3745 saneti
2285 3682 2507 3745 fabula
2543 3681 2918 3763 generalem
2959 3681 3122 3743 Ger-

884 3826 1227 3871 manorum
1292 3808 1675 3890 opinionem
1733 3808 2069 3884 deducere,
2141 3807 2269 3869 nisi
2331 3808 2489 3870 satis
2557 3811 2808 3870 constet
2852 3808 2930 3869 de
2975 3808 3118 3871 illa.

878 3934 1098 3997 Potest
1152 3934 1353 4009 enim,
1402 3934 1520 3997 etsi
1572 3934 1748 3997 haud
1793 3933 2152 3997 verisimile
2199 3933 2266 3995 id
2309 3938 2488 4014 put0,
2533 3938 2744 4015 potest
2789 3933 2860 3993 in
2909 3934 3119 3995 saneti

880 4059 1020 4121 vita
1080 4060 1557 4123 vetustissimae
1616 4060 1925 4123 ecelesiae
1988 4058 2402 4122 Christianae
2464 4060 2628 4121 ritus
2689 4059 2772 4121 ad
2830 4079 3124 4142 paganos

882 4204 1016 4249 esse
1076 4184 1449 4249 translatus.
1514 4186 1609 4249 De
1656 4205 1786 4268 quo
1834 4186 1966 4247 ritu
2014 4184 2272 4247 Grimm
2319 4186 2388 4247 in
2435 4193 2591 4246 an'n.
2639 4184 2721 4247 ad
2767 4185 2878 4247 l.l.
2927 4186 3119 4248 haee:

882 4308 1141 4387 „Milch
1203 4310 1339 4373 und
1396 4310 1617 4393 Honig
1675 4313 1811 4393 galt
1855 4310 1958 4373 fiir
2005 4310 2108 4373 die
2153 4315 2319 4373 erste
2368 4310 2588 4391 Speise
2634 4309 2770 4373 und
2817 4311 2921 4371 fiir
2969 4311 3123 4375 eine

886 4433 1142 4515 lwiiige,
1184 4435 1249 4496 in
1300 4435 1413 4498 der
1459 4435 1734 4499 iiltesten
1782 4435 2198 4499 clu-istliehen
2246 4434 2486 4497 Kirelie
2537 4434 2806 4497 wurden
2856 4434 2949 4498 sie
2999 4456 3122 4497 un·
