3325 5200
1927 551 1967 612 8

817 761 1303 826 adhibebantur
1367 767 1565 845 atque
1629 762 2013 825 etiamnunc
2072 760 2489 825 adhibentur.
2552 759 2731 841 Quid
2792 761 3069 839 mirum,

819 889 996 972 quod
1052 889 1124 950 in
1185 888 1438 971 scriptis
1497 888 1695 951 huius
1754 887 2012 970 generis
2074 887 2463 950 brevitatem
2517 892 2876 969 spectatam
2924 907 3069 950 esse

819 1014 1122 1078 videmus
1181 1009 1272 1096 ¹)?
1331 1010 1528 1093 Quid,
1583 1012 1760 1094 quod
1814 1031 2029 1074 sermo
2074 1011 2469 1094 incomptae,
2519 1013 2647 1074 nisi
2694 1012 2841 1094 quis
2888 1033 3067 1080 com-

819 1141 1218 1204 mentarium
1267 1139 1660 1217 adhibuerit,
1707 1140 1839 1202 fere
1884 1137 2181 1221 intellegi
2227 1138 2555 1221 nequeat?
2598 1139 2829 1221 Neque
2868 1140 3066 1203 ornit-

819 1268 1093 1330 tendum
1155 1270 1272 1344 est,
1331 1265 1590 1348 regulas
1637 1284 1746 1328 eas
1790 1265 2257 1346 discipulorum
2310 1265 2672 1329 memoriae
2716 1265 3069 1329 mandatas

821 1393 1360 1474 interpretatione
1407 1391 1705 1474 magistri
1752 1390 2067 1473 explicari
2112 1390 2338 1455 solere.
2386 1389 2521 1472 Qui
2566 1410 2646 1454 ea
2690 1393 3069 1457 scribebant

821 1517 1230 1600 compendia,
1275 1517 1382 1579 vel
1427 1517 1645 1599 potius
1688 1516 2119 1592 annotabam,
2167 1520 2241 1579 ut
2286 1536 2491 1598 quam
2540 1517 2925 1580 brevissime
2969 1521 3067 1580 to-

823 1643 954 1706 tius
991 1645 1150 1706 artis
1187 1643 1404 1725 capita
1443 1633 1878 1719 absolverent,
1918 1643 2259 1719 curabant,
2298 1662 2433 1706 non
2466 1647 2540 1706 ut
2563 1643 3063 1724 Europaeorum

822 1769 1094 1852 posteris
1136 1769 1339 1832 nimis
1382 1769 1654 1832 curiosis
1692 1769 2250 1850 opportunitatem
2290 1767 2523 1831 darent
2560 1773 2845 1832 aetatem
2872 1788 3065 1834 suam

825 1894 1229 1976 explorandi.
1290 1895 1392 1956 Ex
1451 1900 1590 1956 tam
1653 1893 1895 1956 ieiunis
1955 1893 2161 1976 igitur
2222 1899 2287 1956 et
2348 1893 2548 1957 aridis
2608 1895 2883 1976 scriptis,
2946 1895 3064 1962 ubi

825 2019 1053 2081 omnia
1120 2019 1438 2082 orationis
1505 2023 1898 2082 ornamenta
1973 2024 2189 2100 spreta
2250 2024 2420 2096 sunt,
2486 2021 2618 2083 fere
2680 2019 2852 2081 nihil
2914 2016 3065 2086 elici

825 2148 1053 2226 potest,
1109 2144 1286 2225 quod
1330 2163 1557 2206 ansam
1609 2143 1717 2206 det
1777 2143 1928 2206 huic
1970 2143 2408 2225 inquisitioni.
2456 2121 2881 2226 Quamquam
2930 2165 3065 2210 uno

825 2269 1002 2345 1000,
1076 2269 1147 2330 in
1214 2257 1446 2351 ᾎςναῑ.
1507 2268 1712 2350 Grhy.
1774 2269 1824 2345 1,
1891 2269 1993 2346 24,
2046 2268 2124 2330 10
2179 2243 2314 2350 (ed.⁴
2354 2270 2472 2351 St.)
2521 2269 2841 2334 indicium
2894 2271 3063 2334 mihi

824 2393 1135 2476 reperisse
1191 2394 1434 2471 videor,
1480 2393 1656 2476 quod
1700 2398 1986 2456 aetatem
2033 2393 2230 2456 huius
2274 2393 2505 2458 saltem
2555 2394 2714 2457 libri
2760 2395 3064 2460 illustret.

824 2520 1094 2603 Legitur
1150 2520 1274 2583 ibi:
1336 2518 1585 2600 „quddam
1638 2516 2212 2602 praksl‘ulla‘payz‘ta”
2279 2517 2470 2601 (quae
2533 2519 2711 2582 enim
2760 2520 2948 2582 varia
2993 2520 3063 2582 in

774 2634 778 2638 ⁷
827 2646 1165 2710 nonnullis
1225 2645 1412 2709 libris
1473 2664 1626 2708 mss,
1690 2650 1785 2708 est
1829 2644 2023 2708 lectio
2055 2625 2603 2728 prakskdlayayim
2643 2650 2818 2709 recte
2858 2664 2935 2708 ea
2980 2648 3067 2709 ab

827 2776 1103 2852 utroque
1179 2770 1425 2832 editore
1508 2770 1922 2851 improbatur
1936 2795 1953 2846 3
2031 2789 2181 2833 cum
2254 2770 2434 2833 enim
2509 2770 2581 2831 in
2651 2770 2839 2834 libris
2911 2791 3063 2837 msa

826 2894 1152 2978 uagaricis
1223 2894 1708 2957 characteribus
1782 2894 2010 2958 literae
2079 2918 2124 2978 y
2202 2899 2267 2958 et
2334 2918 2411 2976 p,
2490 2896 2574 2959 ob
2648 2896 3063 2958 simillimam

825 3022 1103 3103 figuram
1139 3020 1514 3102 saepissime
1552 3021 2060 3098 confunduntur,
2102 3026 2243 3084 tum
2286 3023 2497 3085 forma
2522 3021 3063 3105 prakslcdlayayita

828 3144 994 3208 nihil
1058 3147 1175 3227 est)
1196 3171 1214 3223 ;
1272 3145 1350 3206 in
1413 3134 1515 3207 hi's
1575 3165 1706 3208 vox
1747 3143 2289 3229 prakslcdla‘pastta
2336 3146 2644 3210 dialectos
2689 3148 3067 3229 praeriticas

794 3270 1094 3335 redolet.
1143 3270 1529 3335 Gausativos
1573 3272 1750 3334 enim
1798 3272 1869 3333 in
1911 3294 2071 3354 paya
2106 3278 2173 3357 'et
2212 3272 2403 3356 dpaya
2438 3272 2803 3336 desinentes
2839 3273 3066 3355 lingua

735 3406 740 3411 ’
829 3397 1206 3460 sanscritica
1267 3416 1497 3460 eorum
1554 3397 1753 3460 habet
1798 3396 2173 3474 verborum,
2220 3416 2505 3479 quorum
2552 3398 2787 3460 radicis
2826 3397 3066 3460 ultima

829 3524 1019 3586 litera
1063 3524 1147 3585 sit
1192 3522 1458 3599 vocaliS,
1499 3528 1572 3585 ut
1609 3523 1695 3585 ab
1737 3543 1768 3583 r
1806 3522 2105 3605 arpayati,
2148 3543 2188 3584 a
2225 3522 2312 3584 dd
2342 3522 2626 3605 cla‘payati
2670 3523 2831 3600 alia3
2875 3543 3066 3585 num-

827 3669 1028 3730 quam
1097 3669 1348 3725 eorum,
1411 3667 1694 3729 quorum
1758 3648 2007 3711 radices
2068 3648 2139 3709 in
2204 3654 2672 3732 consonantem
2723 3648 3065 3725 desinunt3

828 3775 1004 3856 quod
1049 3774 1423 3857 saepissime
1469 3775 1540 3836 fit
1578 3774 1648 3836 in
1704 3774 1998 3836 dialectis
2036 3773 2435 3855 prae-ritieis„
2462 3773 2731 3835 Praeter
2768 3778 3065 3835 nostrum

829 3899 1070 3976 locum,
1109 3904 1431 3981 quantum
1475 3899 1626 3976 sci0,
1669 3919 1879 3962 unum
1920 3899 2372 3961 sanseriticum
2400 3905 2494 3961 est
2516 3898 2890 3980 exemplum
2918 3896 3069 3960 talis

831 4025 1277 4087 formationis:
1327 4025 1604 4087 verbum
1653 4023 2091 4107 utkala‘poyatr’,
2138 4025 2313 4105 quod
2358 4024 2425 4085 in
2467 4023 2907 4086 Pancatantro
2949 4023 3066 4101 bie,

830 4149 1030 4211 semel
1077 4150 1148 4210 in
1181 4148 1904 4231 'Vetalapancavimcati
1956 4149 2047 4229 (in
2098 4149 2301 4212 Anth.
2342 4149 2543 4231 Lass.)
2587 4150 2867 4212 occurrit
2912 4149 3066 4233 (vid.

898 4404 938 4469 ¹)
976 4404 1055 4458 Cf.
1101 4403 1222 4457 Max
1255 4403 1447 4458 Mffller
1479 4403 1546 4457 1.1.
1579 4420 1696 4473 pag.
1734 4406 1792 4457 71
1831 4421 1907 4473 sq.
1948 4407 2002 4458 ct
2039 4402 2345 4462 Goldstiick.
2387 4402 2459 4455 l.l.
2500 4419 2615 4472 pag.
2652 4404 2713 4455 21
2754 4419 2866 4471 sqq.
