3325 5200
1647 593 1727 656 91

565 804 725 868 haec
763 803 1034 889 pracani
1064 806 1457 883 ceremonia,
1494 806 1567 868 in
1604 804 1838 868 ceteris
1876 791 2290 888 Kcvalayani
2324 801 2485 866 ritui
2517 801 2802 886 propior,

562 931 691 994 duo
736 931 864 996 sibi
910 931 1108 995 habet
1152 931 1436 1014 propria,
1476 937 1619 994 tum
1660 929 1838 1012 quod
1869 929 1972 994 lac
1993 929 2258 994 acidum
2281 928 2624 1011 coniungit
2647 948 2801 994 cum
2922 931 2927 936 ’

562 1057 773 1124 melle,
821 1060 887 1119 et
947 1057 1208 1138 butyro,
1270 1075 1423 1120 cum
1486 1055 1603 1121 alii
1664 1075 1892 1119 omnes
1952 1055 2031 1120 de
2088 1054 2256 1120 lacte
2303 1058 2582 1132 taceant,
2631 1073 2803 1116 unus

560 1169 787 1265 Kpast.
812 1182 1011 1246 melle
1032 1180 1327 1247 admixto
1350 1201 1682 1246 mammas
1703 1190 1779 1247 eo
1805 1181 2018 1244 lavari
2041 1180 2201 1245 velit
2231 1177 2386 1261 (vid,
2411 1199 2630 1262 supra,
2653 1198 2801 1262 pag·

566 1308 646 1370 83
670 1309 816 1391 sq.).
860 1307 1091 1391 Neque
1135 1327 1377 1372 aurum
1424 1309 1694 1386 omittit,
1743 1328 1996 1385 verum,
2039 1309 2136 1371 uti
2169 1293 2614 1391 Xcvalayanis
2663 1327 2804 1372 mos

560 1438 675 1512 est,
736 1435 833 1498 ita
890 1435 1161 1518 reliquis
1211 1435 1376 1499 cibis
1418 1434 1766 1500 immiscet.
1813 1435 1984 1498 Tum
2029 1454 2164 1498 non
2209 1433 2424 1498 solum
2470 1433 2617 1515 plus
2663 1432 2796 1499 cibi

564 1561 953 1624 admovetur
1024 1561 1283 1638 infanti,
1360 1560 1471 1626 sed
1550 1561 1754 1626 etiam
1816 1559 2082 1643 pluries.
2153 1558 2532 1640 Suspicatus
2597 1575 2803 1634 eram,

561 1704 924 1772 piac-anum
992 1686 1204 1750 decies
1270 1687 1623 1768 repetitum
1696 1685 1906 1768 magis
1974 1685 2328 1750 convenice
2392 1703 2595 1767 puero
2664 1683 2801 1746 iam

564 1810 810 1888 adulto,
870 1811 1085 1892 qualis
1144 1811 1227 1874 sit
1272 1830 1349 1876 eo
1396 1816 1710 1894 tempore,
1757 1829 1890 1893 quo
1935 1811 2048 1874 fiat
2090 1810 2427 1892 piaculum
2477 1809 2653 1891 quod
2698 1809 2803 1872 de-

562 1935 790 1998 scribit
844 1935 1097 1999 Baudh.
1126 1955 1223 2018 pr.
1236 1963 1255 2013 3
1301 1942 1765 2000 verumtamen
1810 1937 1947 1999 iam
1995 1936 2068 1998 in
2111 1936 2364 2000 infante
2406 1935 2547 1999 fieri
2595 1935 2804 1998 decies

564 2058 851 2123 declarat
894 2061 1093 2139 locus,
1142 2081 1223 2125 ex
1258 2063 1399 2144 ipso
1438 2061 1872 2143 Baudhayani
1908 2059 2300 2144 grhyasfitro
2337 2060 2502 2124 forte
2539 2060 2804 2124 fortuna

564 2186 755 2252 nobis
796 2192 1121 2250 servatus:
1169 2187 1491 2250 athainam
1538 2187 1722 2250 dadai
1765 2188 1980 2250 madku
2017 2188 2258 2268 ykrtam
2302 2186 2378 2250 iti
2423 2187 2530 2271 [cf.
2553 2175 2678 2270 KP.
2703 2207 2800 2269 pr.

566 2313 605 2374 4
630 2314 694 2375 et
719 2312 779 2388 7,
804 2316 869 2376 et
892 2331 1047 2375 ann.
1075 2314 1147 2374 28
1180 2313 1265 2375 ad
1285 2332 1430 2396 pag.
1459 2313 1569 2396 83]
1621 2313 2048 2397 samuddhrtya
2105 2313 2442 2396 kiranyena
2463 2327 2468 2331 ’
2481 2313 2804 2396 prdqayati

550 2437 751 2520 prdno
802 2438 1076 2502 raksbati
1117 2438 1339 2518 viqvam
1383 2439 1524 2522 ejad
1564 2439 1653 2522 ily
1698 2439 2046 2502 anuvdkena
2083 2441 2408 2519 dapareena
2435 2445 2799 2528 matyrcam.

564 2563 697 2646 Qui
735 2564 917 2630 locus
962 2565 1157 2629 simul
1196 2566 1502 2630 certiores
1545 2585 1667 2630 nos
1698 2567 1852 2632 facit
1889 2566 1968 2630 de
2001 2566 2278 2646 ratione,
2312 2584 2445 2649 qua
2479 2585 2802 2650 prayogos

565 2691 679 2773 qui
712 2691 1085 2755 scribebant
1106 2692 1498 2774 grhyasutra
1519 2692 1591 2755 in
1615 2712 1809 2755 usum
1835 2712 2025 2755 sunm
2053 2692 2450 2756 convertisse
2472 2692 2800 2770 videntur,

562 2815 974 2879 desumentes
1010 2816 1165 2879 inde
1202 2835 1375 2899 quae
1420 2834 1535 2899 per
1579 2836 1647 2880 se
1693 2818 1990 2900 intellegi
2032 2822 2359 2900 putarent,
2409 2818 2526 2881 ubi
2564 2836 2800 2899 parum

551 2929 844 3005 ¹dilucide
882 2960 984 3005 res
1030 2927 1195 3005 esset
1240 2942 1553 3024 exposita,
1602 2942 1681 3005 de
1718 2962 1834 3007 suo
1873 2944 2198 3007 nonnulla
2229 2944 2799 3026 interspargentea

652 3066 938 3131 Exhibet
996 3072 1217 3130 autem
1277 3086 1431 3131 eum
1484 3068 1857 3150 grhyasutri
1895 3069 2116 3133 locum
2163 3070 2676 3133 commentarius
2719 3069 2802 3132 ad

464 3196 471 3209 '
562 3193 837 3271 TBr.11,
866 3194 986 3272 5,1
1052 3194 1122 3255 in
1184 3193 1342 3272 fine3
1403 3194 1595 3258 illum
1665 3196 1844 3258 enim
1908 3195 2292 3273 anuvakum
2358 3196 2514 3259 dicit
2548 3194 2799 3258 Baudh.

563 3319 702 3383 illic
763 3324 1021 3382 exstant
1081 3319 1303 3383 decem
1366 3321 1415 3383 ii
1478 3339 1722 3399 versuS,
1782 3316 2063 3403 quorum
2122 3321 2314 3384 initia
2355 3340 2684 3404 prayogus
2729 3321 2798 3384 in

564 3462 825 3507 versum
884 3450 1155 3508 consuta
1201 3446 1645 3528 superioribus
1689 3447 2039 3529 postponit.
2087 3447 2428 3511 Vocabula
2475 3450 2804 3527 day-arcena

556 3575 900 3653 pratyrcam
944 3571 1123 3633 enim
1172 3572 1507 3654 excipiunt
1556 3572 1745 3635 haec:
1793 3578 1958 3637 tatra
2003 3574 2152 3635 reah
2578 3543 2585 3549 .

563 3694 859 3775 „prdno”
883 3694 1057 3777 „310”
1079 3696 1462 3775 „nmnasaq”
1486 3696 1775 3773 „ednno”
1795 3696 2158 3780 „jusbatdm
2187 3698 2324 3761 me”
2347 3698 2605 3782 „yayd”
2629 3700 2807 3761 tathei

564 3820 920 3896 „cakshur”
954 3821 1277 3904 „dgqufea”
1312 3822 1690 3902 ‚,.,qrotrena''
1723 3870 1763 3899 ‚,
1776 3845 1934 3907 yena
1950 3823 2231 3906 mdc-yff’
2270 3824 2520 3887 lorama‘d
2546 3827 2696 3905 daea
2727 3823 2803 3887 iti

652 3946 1037 4011 Exscribere
1096 3965 1207 4010 eos
1265 3946 1471 4025 nolui,
1530 3948 1774 4031 quippe
1831 3950 1948 4031 qui
2008 3969 2092 4015 ne
2149 3949 2362 4013 hilum
2405 3948 2674 4031 quidem
2716 3950 2801 4013 ad

564 4068 881 4133 infantem
946 4071 1292 4134 attineant.
1354 4072 1537 4135 Binis
1597 4074 1895 4156 singulae
1955 4074 2334 4139 divinitates
2393 4074 2802 4139 advocantur

565 4193 648 4256 ad
692 4195 1105 4272 sacrificium,
1146 4196 1359 4262 Fra-,na
1399 4195 1731 4282 (spititus),
1769 4200 2000 4263 Manas
2040 4199 2374 4289 (animus),
2415 4198 2554 4263 Vae
2595 4199 2796 4283 (vox),

564 4317 863 4415 Cakshus
928 4322 1176 4405 (visus),
1225 4320 1459 4410 Qrotra
1503 4324 1839 4411 (auditus),
1889 4327 1938 4389 ii
1983 4327 2204 4409 igitur,
2249 4345 2412 4408 quos
2455 4327 2796 4391 communi

482 4420 488 4428 ⁶
560 4445 833 4509 nomine
904 4444 1217 4529 indriydni
1278 4447 1547 4533 (sensus)
1612 4450 1758 4513 Indi
1817 4452 2148 4534 appellare
2199 4452 2432 4516 solent.
2493 4450 2798 4515 Cui-iosos
