3325 5200
1656 589 1736 651 74

545 800 801 866 iisdem
848 805 1045 884 caput
1090 801 1434 880 osculatur,
1479 801 1739 865 eosdem
1787 802 1858 863 in
1905 820 2136 866 aurem
2183 786 2500 866 dextram'
2521 803 2811 868 insusur-

569 929 733 1003 rat0,
800 925 944 990 loco
1005 926 1185 992 vocis
1228 926 1483 1004 „aean”
1534 926 1651 1009 („o
1692 926 1810 992 tu”
1847 927 1956 991 vel
1995 929 2198 992 etiam
2243 929 2484 993 rectius
2531 921 2573 990 ὦ
2620 922 2805 1013 οὗτος)

567 1051 795 1134 ponito
832 1051 1395 1116 nakshatrandma
1440 1048 1489 1136 ¹)
1540 1071 1696 1116 casu
1742 1052 2110 1118 vocativo.”
2513 1031 2521 1039 ’
2789 1143 2794 1147 ᾖ

656 1176 1059 1241 Monendum
1098 1176 1292 1259 dyhra‘
1318 1181 1382 1242 et
1418 1176 1714 1258 abhiyhrd
1737 1178 1962 1261 propie
1999 1178 2566 1256 „odorationem”
2605 1180 2808 1264 desig-

568 1321 749 1382 nare,
788 1321 941 1366 cum
980 1302 1344 1386 significent
1380 1323 1676 1381 „nasum
1716 1303 1798 1366 ad
1839 1303 2130 1386 aliquem
2168 1323 2495 1388 apponere
2519 1305 2811 1368 caritatis

566 1409 852 1512 gratia”,
913 1429 1090 1510 quod
1148 1428 1485 1493 osculandi
1544 1429 1767 1493 locum
1815 1434 2014 1495 tenet.
2061 1428 2588 1513 Anlbiguitatem
2636 1450 2807 1509 eam,

567 1573 738 1636 quae
781 1554 853 1617 in
897 1554 1117 1620 verbis
1160 1555 1352 1634 inest,
1398 1555 1471 1618 in
1517 1555 1819 1619 versione
1863 1554 2076 1619 latina.
2118 1576 2378 1621 servare
2426 1577 2562 1622 non
2601 1557 2809 1640 potui.

568 1676 902 1744 Osculatio
942 1680 1049 1744 hic
1087 1701 1262 1744 nova
1300 1686 1415 1760 est,
1454 1681 1768 1746 allocutio
1812 1679 2320 1765 (abhimantrana)
2363 1686 2428 1746 et
2465 1683 2538 1745 in
2578 1701 2808 1748 aurem

567 1805 1000 1870 insusurratio
1061 1806 1196 1870 iam
1246 1795 1408 1891 KcV.
1458 1811 1522 1870 et
1566 1807 1724 1871 Por.
1764 1807 2001 1870 scholis
2045 1807 2440 1872 communis,

656 1932 711 1993 E
757 1905 1072 2011 versibus,
1119 1932 1272 1996 huic
1317 1932 1730 1996 ceremoniae
1772 1933 2104 2016 appositis,
2150 1931 2404 2015 primus
2448 1933 2614 1996 solet
2651 1933 2808 1996 reci·

569 2057 695 2122 tari
720 2077 761 2120 a
781 2060 967 2140 patre
988 2077 1071 2122 ex
1094 2057 1330 2121 itinere
1350 2058 1585 2122 reduce
1613 2057 1944 2140 (pravatsa‘d
1959 2058 2143 2142 etya).
2169 2057 2319 2120 Vid.
2344 2047 2506 2141 KcV.
2530 2058 2581 2136 Ι,
2610 2058 2711 2135 13,
2745 2057 2809 2136 73

566 2181 715 2246 Par.
750 2183 801 2261 Ι,
838 2183 920 2244 22
954 2182 1025 2244 in
1072 2182 1211 2246 cod.
1239 2181 1403 2244 A:
1430 2183 1509 2244 19
1540 2181 1703 2263 (cod.
1728 2182 1804 2266 B)
1834 2206 1918 2241 .-.-
1940 2182 2020 2244 18
2050 2181 2211 2260 (cod.
2237 2182 2407 2266 Ber.)
2423 2209 2441 2261 ;
2464 2171 2809 2265 {postam-

569 2306 825 2390 biyapr.
861 2327 1010 2390 pag.
1059 2301 1200 2386 35b3
1250 2308 1385 2372 36a.
1431 2307 1544 2370 Bis
1590 2307 1794 2390 igitur
1839 2313 1904 2370 et
1947 2306 2018 2369 in
2056 2306 2521 2390 jetakarmane
2563 2314 2627 2372 et
2665 2314 2810 2391 post

566 2400 853 2498 reditum
894 2451 977 2498 ex
1012 2431 1249 2496 itinere
1279 2451 1434 2496 eum
1460 2451 1723 2496 versum
1744 2432 1986 2514 profert
2010 2437 2251 2496 noster.
2276 2433 2806 2496 Pulcherrimum

566 2557 760 2623 illud:
800 2557 1001 2640 anqdd
1030 2563 1213 2639 anth
1249 2557 1615 2623 sambhavasi
1648 2558 1722 2620 in
1761 2561 2051 2623 mentem
2090 2562 2281 2624 vocat
2315 2557 2584 2622 Genesis
2613 2559 2670 2638 2,
2693 2561 2807 2623 23:

566 2683 743 2763 „hoc
780 2702 957 2746 nunc
998 2702 1069 2747 os
1106 2702 1187 2747 ex
1224 2684 1475 2748 ossibus
1515 2684 1682 2747 meis
1719 2689 1784 2747 et
1807 2703 1958 2747 caro
1983 2704 2064 2747 ex
2089 2703 2285 2749 carne
2307 2684 2482 2748 me.’'
2507 2683 2693 2764 Quae
2717 2704 2808 2749 se-

566 2812 861 2891 quuntur
910 2808 1186 2893 hrdaycid
1224 2794 1331 2873 ica
1365 2807 1583 2891 jdyase
1625 2809 1958 2872 illustrare
2004 2809 2159 2873 licet
2202 2810 2305 2888 iis,
2351 2828 2521 2891 quae
2566 2804 2811 2874 Weber

567 2939 791 2998 monet
815 2934 1058 3015 (Ueber
1070 2933 1176 2997 die
1195 2933 1589 3011 Nakshatra‚
1617 2934 1687 2996 in
1706 2933 2036 2998 Abhandl.
2060 2934 2175 2999 der
2191 2934 2363 2998 Berl.
2381 2933 2594 2999 Akad.
2617 2935 2805 3013 1861,

563 3078 712 3143 pag.
759 3060 944 3143 314):
990 3059 1135 3137 „Ist
1179 3060 1295 3121 das
1337 3058 1515 3121 Kind
1554 3058 1842 3138 tihnlich,
1883 3078 1955 3122 so
1991 3063 2133 3141 sagt
2171 3078 2350 3137 man,
2393 3078 2460 3122 es
2497 3059 2592 3123 sei
2634 3059 2805 3141 (dem

567 3184 792 3267 Vater)
856 3184 985 3247 wie
1030 3203 1149 3247 aus
1194 3184 1343 3247 dem
1392 3184 1650 3249 Herzen
1695 3184 2066 3267 gekrochen
2113 3182 2389 3267 krdaydd
2427 3184 2528 3247 iva
2569 3186 2806 3265 erptah.

566 3308 711 3399 (ξεῖ.
737 3310 843 3372 Br.
872 3309 974 3389 14,
1003 3311 1061 3389 6,
1088 3310 1147 3388 9,
1176 3310 1255 3371 23
1286 3309 1387 3392 (cf.
1416 3310 1475 3389 9,
1502 3308 1563 3387 4,
1594 3308 1726 3393 8).'’
1772 3308 1847 3371 Id
1879 3309 2109 3392 procul
2145 3309 2345 3373 dubio
2386 3313 2630 3392 spectat
2668 3328 2808 3373 ver-

566 3455 674 3497 sus
718 3439 958 3499 noster.

655 3560 828 3627 Tum
876 3559 1145 3623 demum
1192 3561 1265 3622 fit
1307 3547 1694 3643 precanum.
1743 3559 1850 3623 Sic
1897 3559 2077 3623 enim
2123 3561 2334 3643 pergit
2380 3567 2598 3624 noster
2644 3558 2718 3645 2).

570 3744 581 3753 .
656 3689 718 3751 4.
772 3684 1223 3766 madhuthtam
1269 3683 1339 3747 (a)
1389 3684 1463 3747 iti
1507 3684 1817 3768 samsljya
1863 3684 2078 3747 tasmin
2124 3685 2430 3749 darbhena
2465 3676 2808 3770 'hiranyam

566 3809 1078 3890 cikhdbana'havat
1118 3811 1536 3874 aarandhrena
1573 3809 1916 3891 qrantkina‘
1951 3811 2138 3897 baddh
2146 3814 2222 3875 vd
2260 3806 2341 3874 (b)

639 3936 708 3998 (a)
744 3932 894 3986 Inter
940 3933 1135 3985 madhu
1187 3935 1243 3986 et
1286 3932 1500 4001 yhrtam
1548 3931 1740 4001 siglum
1793 3930 2051 4001 quoddam
2097 3930 2483 4001 interpositum,
2531 3931 2669 4001 quod
2707 3948 2808 3986 non
2875 3924 2878 3928 ’

566 4035 843 4105 intelleg03
878 4066 944 4074 -
982 4034 1053 4101 (b)
1091 4034 1198 4089 cod.
1236 4035 1455 4087 υαιΙῘιυιῖ.

639 4288 677 4352 ¹)
713 4286 749 4339 i.
782 4303 826 4340 e.
861 4302 1050 4340 nomen
1082 4285 1296 4339 ductum
1332 4301 1393 4338 ex
1427 4284 1826 4339 constellatione
1863 4282 1962 4337 sub
1998 4299 2100 4365 qua
2134 4287 2292 4339 natus
2327 4286 2409 4339 est
2425 4286 2616 4363 infigis.

636 4380 680 4443 ²)
714 4379 995 4432 Praetereo
1039 4394 1113 4441 ea,
1159 4393 1290 4446 quae
1334 4374 1397 4429 de
1443 4375 1756 4428 formatione
1802 4374 2304 4429 nakshatranfimnas
2341 4376 2477 4443 apud
2510 4377 2692 4445 Apast.
2729 4394 2808 4431 se-

572 4472 804 4537 quuntur
835 4466 1211 4523 osculationem
1242 4468 1386 4521 inter
1418 4470 1475 4520 et
1507 4467 1782 4537 pracanam
1815 4465 2144 4534 interposita.
