3325 5200
1303 593 1383 662 99

225 788 449 858 omnia
492 788 634 852 fieri
682 793 835 851 ante
877 786 1261 871 Ρτὲιᾳαηυῐη,
1308 787 1352 851 i.
1380 807 1435 851 e.
1482 792 1637 851 ante
1686 793 2054 852 ceterarum
2111 807 2464 854 commune
2521 785 2530 792 ’

224 915 528 991 initium3
594 912 659 974 6⁰
722 913 896 994 apud
952 931 1165 976 unum
1227 911 1375 974 Par.
1422 912 1613 976 nobis
1660 913 2016 976 occurrisse
2063 912 2466 994 dnupm‘nana

15 1055 27 1134 1
224 1059 357 1121 qua
400 1039 775 1103 ceremonia
819 1038 1075 1102 solenni
1118 1039 1383 1101 animus
1426 1057 1652 1102 recens
1695 1045 1852 1102 nato
1899 1040 2186 1104 indatur.

15 1155 17 1158 ’
311 1167 559 1243 Restat,
622 1170 697 1228 ut
756 1184 838 1228 ex
898 1164 1293 1229 testimoniis
1356 1164 1716 1229 efficiamus
1769 1185 1939 1248 quae
1985 1167 2300 1248 cuiusque
2343 1167 2461 1245 rei,

221 1311 423 1374 quam
485 1291 959 1369 enarravimuS,
1022 1291 1106 1355 sit
1164 1290 1572 1373 significatio,
1632 1290 1793 1373 quid
1853 1291 1977 1355 sibi
2039 1292 2202 1356 velit
2248 1296 2460 1356 totum

222 1422 727 1494 sacramentum,
769 1416 944 1479 unde
978 1419 1135 1478 nata
1173 1415 1302 1478 sint
1342 1415 1665 1497 symbola,
1706 1435 1876 1498 quae
1913 1416 2010 1482 ibi
2041 1422 2461 1500 usurpentur.

225 1541 569 1624 specimen
632 1541 717 1606 tal
729 1542 784 1604 is
843 1541 1293 1623 inquisitionis
1341 1541 1678 1606 exhibebit
1716 1542 2066 1624 insequens
2103 1547 2301 1623 eaput
2339 1547 2461 1606 ter·

221 1670 414 1734 tium.
459 1670 559 1732 De
609 1668 889 1731 mantris
933 1686 1068 1732 non
1108 1686 1269 1750 opus
1313 1671 1409 1732 est
1452 1668 1808 1750 quiequam
1857 1668 2112 1732 addere.
2158 1668 2462 1750 Namque

220 1793 379 1856 satis
438 1791 757 1875 exemplis
818 1792 1125 1873 probasse
1172 1792 1365 1857 nobis
1410 1792 1718 1856 videmur
1763 1792 1831 1856 id
1875 1793 2048 1874 quod
2093 1793 2165 1854 in
2211 1792 2460 1873 praefa-

221 1919 400 1983 tione
444 1907 796 1981 statuimus
840 1917 1095 1980 adieeta
1140 1916 1244 1979 vel
1284 1918 1503 1998 potius
1539 1915 1954 1999 agglutinata
1989 1935 2124 1980 esse
2161 1917 2462 1980 carmina

220 2043 609 2109 ceremoniis
666 2043 999 2125 pleraque,
1063 2060 1485 2124 nequaquam
1546 2061 1682 2104 una
1741 2061 1894 2105 eum
1957 2042 2040 2104 iis
2085 2060 2220 2106 esse
2265 2048 2457 2122 nata,

218 2167 383 2248 quin
413 2167 611 2234 ,haud
655 2185 806 2231 raro
851 2172 996 2250 post
1051 2172 1149 2231 tot
1194 2185 1523 2230 annorum
1571 2165 2002 2229 intervallum
2043 2184 2180 2229 esse
2219 2172 2458 2246 assuta,

220 2296 293 2354 ut
336 2293 438 2354 vis
485 2293 703 2356 verbis
746 2292 935 2357 illata
980 2312 1064 2356 ne
1111 2312 1229 2358 nos
1277 2292 1543 2374 quidem
1593 2291 1816 2354 lateat.
