3325 5200
1600 559 1738 622 95.

601 770 823 853 Quam
878 771 1247 854 antiquitus
1302 789 1647 854 perperam
1696 751 2018 836 intellecti
2067 769 2334 846 nmntri,
2380 769 2487 834 vel
2533 767 2612 834 de
2657 768 2756 832 in·

512 898 763 960 dustria
820 897 1117 960 subversi
1162 895 1247 958 ad
1292 896 1770 959 diversissimas
1813 895 2283 977 adaptarentur
2329 893 2754 972 ceremonias,

515 1028 604 1088 et·
635 1023 743 1086 hic
800 1005 1027 1086 versus
1088 1028 1183 1084 est
1242 1021 1680 1086 documento.-
1723 1021 1898 1083 Inest
1952 1020 2130 1084 enim
2175 1021 2248 1082 in
2295 1017 2594 1098 mantriS,
2639 1018 2756 1101 qui

513 1148 583 1210 in
642 1147 899 1211 solenni
947 1124 1261 1210 abhisbeka
1304 1147 1698 1224 ceremonia,
1748 1147 1793 1209 i.
1843 1165 1898 1211 e.
1947 1146 2019 1208 in
2065 1146 2235 1227 regis
2279 1143 2610 1223 unctione,
2657 1145 2756 1208 in-

512 1273 966 1355 auguratione,
1012 1273 1425 1349 adhibentur,
1470 1291 1634 1355 quos
1679 1272 1982 1334 invenies
2022 1272 2094 1334 in
2152 1271 2352 1334 Taitt.
2380 1269 2540 1334 Ved.
2565 1264 2618 1348 I,
2649 1272 2752 1336 14.

512 1397 749 1481 Risum
811 1402 1035 1460 autem
1096 1403 1320 1464 movet
1380 1400 1862 1460 commentator
1921 1397 2146 1478 ipsum.
2199 1395 2396 1460 illum
2441 1395 2754 1460 Proteum

514 1523 813 1600 vincens3
872 1523 975 1585 illi
1036 1523 1213 1586 enim
1278 1541 1463 1586 suam
1530 1527 1790 1585 tantum
1855 1522 2059 1604 ipsius
2119 1521 2406 1584 formam
2455 1519 2755 1584 mutandi

512 1651 797 1729 potestas
854 1647 1049 1710 fuisse
1109 1648 1331 1726 fertur,
1395 1647 1500 1711 hic
1554 1665 1712 1711 vero
1759 1665 2189 1730 quaecunque
2235 1647 2308 1708 in
2355 1646 2647 1710 carmine
2693 1645 2755 1708 ei

488 1763 909 1851 occurrunt„
948 1773 1201 1838 tamdiu
1258 1773 1594 1851 immutat,
1642 1773 1850 1835 donec
1896 1771 2170 1854 fatigata
2216 1769 2600 1848 sententiae,
2647 1770 2756 1834 cui

514 1898 1110 1962 accommodandae
1154 1903 1362 1976 erant,
1408 1917 1672 1962 succum
1688 1901 1861 1961 bant.

442 1996 447 2002 ”
604 2021 790 2104 Quae
834 2006 1204 2104 sequuntur
1246 2023 1423 2106 apud
1466 2023 1994 2104 Baudhayanum
2043 2023 2139 2086 ita
2184 2041 2386 2104 prope
2441 2017 2758 2086 accedunt

516 2149 599 2212 ad
657 2167 756 2226 ea,
814 2167 987 2230 quae
1047 2147 1317 2210 Parask.
1366 2152 1431 2210 et
1484 2137 1708 2230 Kpast.
1772 2148 1854 2211 de
1898 2152 2169 2230 sugente
2211 2138 2435 2231 puer0,
2483 2145 2562 2212 de
2605 2167 2759 2212 vase

514 2291 727 2354 aquae
784 2273 936 2336 aliis
994 2273 1275 2337 scribere
1328 2291 1525 2355 supra
1572 2273 1892 2350 videmuS,
1939 2277 2014 2336 ut
2057 2273 2284 2354 paucis
2330 2269 2636 2356 expedire
2681 2293 2760 2337 ea

514 2400 729 2464 liceat.
774 2399 855 2462 In
900 2400 1159 2483 piaculo
1202 2400 1617 2477 sacramenti,
1665 2404 1741 2462 ut
1783 2417 1904 2482 par
1948 2405 2062 2477 est,
2111 2419 2342 2464 earum
2401 2401 2760 2464 ceremoni-

514 2543 705 2588 arum
748 2526 1045 2590 carmina
1082 2529 1344 2589 tantum
1386 2525 1768 2605 recitantur,
1809 2544 1910 2588 res
1943 2526 2364 2590 omittuntur.
2391 2526 2754 2609 Stanapani

420 2696 425 2699 -
514 2668 741 2715 versus
774 2651 977 2715 iidem
1017 2655 1170 2713 sunt
1208 2655 1406 2733 atque
1444 2668 1607 2737 quos
1650 2651 1894 2731 profert
1932 2650 2080 2715 Par.
2122 2654 2188 2715 et
2221 2650 2479 2715 Samsk.
2504 2648 2752 2729 Paddh.

522 2776 677 2858 (vid.
712 2796 909 2859 supra
941 2796 1087 2859 pag.
1128 2776 1207 2837 69
1243 2778 1387 2859 sq.),
1448 2776 1559 2841 sed
1611 2776 1874 2840 inverso
1920 2777 2184 2855 ordine,
2227 2777 2301 2839 in
2349 2794 2522 2843 urna
2564 2778 2756 2859 depo·

516 2901 733 2964 nenda
792 2901 967 2964 idem
1030 2920 1253 2965 versus
1310 2902 1678 2981 exhibetur,
1741 2903 1858 2985 qui
1921 2909 2017 2965 est
2073 2902 2144 2965 in
2187 2891 2316 2986 Rp.
2361 2922 2548 2986 pray.
2597 2903 2756 2985 (vid.

516 3044 662 3108 pag.
692 3026 799 3109 86)
843 3026 962 3089 hac
998 3028 1337 3107 varietate,
1375 3027 1551 3109 quod
1587 3046 1706 3110 pro
1732 3026 1989 3110 ja‘yrata
2028 3028 2282 3092 Baudh.
2319 3029 2516 3093 habet
2521 3030 2757 3113 jayrta.

485 3151 709 3237 ‚Unus
770 3170 979 3215 novus
1039 3158 1153 3233 est,
1211 3172 1343 3235 quo
1402 3157 1742 3237 sugentem
1805 3134 2168 3236 alloquitur
2211 3172 2516 3237 puerum.
2579 3120 2778 3219 Haec

518 3278 697 3340 enim
743 3283 995 3349 noster:

603 3409 853 3465 stanam
898 3404 1257 3487 dhayantam
1300 3404 1816 3487 abkimantrayate

781 3530 1095 3613 ,Dyauskte
1122 3530 1460 3611 prsktham
1508 3530 1798 3593 rakshatu
1859 3528 1914 3592 V
1908 3529 2062 3611 ὤμω·
2095 3528 2223 3593 dmi
2259 3529 2335 3593 (a)

956 3662 1204 3719 stanam
1242 3656 1617 3739 dkayantam
1667 3655 1883 3719 Savitd
1915 3655 2325 3719 ’bairakstzatu

517 3782 564 3844 ιῖ
584 3782 840 3845 veiha-sah
865 3780 1239 3863 paridhdndt
1275 3782 1641 3863 Brhaspatir
1673 3782 1830 3862 vipve
1861 3783 2015 3846 deod
2038 3782 2506 3846 abhirakshantu
2523 3783 2752 3864 pape-dt.

486 4004 505 4023 ·
586 3930 661 3992 (a)
697 3927 947 3997 Sequitur
988 3927 1045 3980 in
1079 3927 1187 3981 cod.
1224 3928 1464 3992 Acvinau
1504 3945 1593 3994 σας
1630 3927 1721 3981 sed
1752 3944 1813 3983 ea
1845 3927 2005 3981 verba
2037 3927 2255 3983 alterius
2287 3927 2602 3982 redactionis
2635 3908 2755 3997 pars

516 4028 647 4083 mihi
681 4046 794 4085 esse
828 4030 1037 4085 videtur
1066 4031 1144 4085 ita
1177 4034 1237 4085 ut
1274 4034 1423 4085 totus
1456 4047 1635 4085 versus
1670 4034 1809 4086 esset
1843 4032 2115 4101 Dyaushte
2144 4049 2226 4102 pr.
2261 4050 2304 4085 r.
2342 4034 2582 4099 Accinau
2609 4050 2688 4090 ca.

606 4176 648 4239 i.
696 4195 752 4240 e.
814 4145 1147 4253 „Coelum
1210 4177 1474 4240 dorsum
1538 4176 1660 4241 tibi
1724 4182 2006 4257 tueatur,
2070 4177 2298 4259 vayus
2339 4179 2609 4257 femora,
2653 4198 2755 4243 su-

512 4306 775 4385 gentem
850 4302 1114 4365 Savitar
1182 4301 1301 4386 [te]
1370 4307 1688 4385 protegat,
1760 4282 1964 4385 usque
2031 4303 2114 4366 ad
2176 4304 2374 4367 vestis
2433 4283 2750 4369 amictum

513 4428 910 4509 Brhaspatis,
974 4447 1329 4511 omnesque
1390 4428 1483 4491 dii
1542 4434 1607 4492 te
1667 4434 1980 4493 tueantur
2020 4434 2264 4512 postea.
2311 4426 2442 4509 Qui
2487 4414 2756 4511 quidem¹
