3325 5200
1992 585 2030 650 2

886 797 1280 884 grhyasutra
1337 815 1701 880 moresque,
1761 801 1837 861 ut
1889 798 1986 860 ita
2030 796 2267 876 dicam,
2315 797 2721 878 domesticos,
2770 799 2841 863 in
2888 801 3135 883 quibus

889 923 1215 989 nonnulla
1271 924 1367 987 ita
1427 928 1580 986 sunt
1633 927 2033 1006 comparata,
2078 926 2153 984 ut
2198 927 2263 985 et
2308 923 2495 1000 mihi,
2542 929 2607 987 et
2652 924 3025 1005 lectoribus,
3078 929 3139 989 si

889 1049 1007 1131 qui
1075 1052 1290 1125 erunt,
1350 1047 1528 1110 haud
1585 1046 1944 1110 absurdum
2005 1047 2435 1110 indicaverim
2502 1067 2706 1112 unam
2769 1049 3141 1128 alteramve

890 1173 1336 1237 ceremoniam
1402 1173 1789 1256 explicando
1850 1178 2137 1250 tentare;
2200 1173 2388 1250 mihi,
2449 1174 2626 1254 quod
2686 1175 2804 1238 tali
2872 1177 3140 1258 negotio

893 1299 1115 1361 minus
1162 1317 1269 1362 me
1313 1299 1635 1380 imparem
1682 1298 1819 1362 fore
1868 1298 2241 1376 arbitrarer,
2287 1317 2489 1380 quam
2540 1300 2595 1362 si
2640 1300 2714 1362 in
2759 1300 2895 1388 alia
2940 1302 3141 1365 huius

892 1424 1272 1506 disciplinae
1348 1429 1532 1506 parte
1602 1442 1869 1506 operam
1950 1443 2172 1487 meam
2252 1423 2677 1504 collocarem3
2756 1426 3136 1505 lectoribuS,

894 1549 1070 1632 quod
1127 1567 1278 1612 raro
1337 1549 1549 1612 adhuc
1609 1549 1829 1613 dedita
1889 1567 2087 1632 opera
2143 1549 2221 1613 de
2278 1549 2396 1612 tali
2453 1567 2524 1613 re
2570 1551 2654 1613 sit
2703 1551 3135 1635 disputatum.

894 1673 1124 1756 Neque
1195 1673 1479 1751 n1irum;
1549 1692 1957 1755 quamquam
2020 1673 2201 1736 enim
2268 1674 2465 1737 multi
2530 1674 2651 1738 hoc
2710 1694 2917 1758 genus
2980 1675 3140 1739 libri

897 1799 1172 1862 nostris·
1217 1797 1598 1862 hominibus
1662 1799 2097 1862 innotuerunt
2165 1795 2237 1882 1),
2302 1817 2546 1882 parvus
2612 1801 2968 1864 admodum
3042 1807 3143 1864 est

897 1944 1214 1987 numerus
1273 1943 1524 2002 eorum,
1585 1943 1756 2006 quae
1818 1925 1888 1987 in
1936 1925 2350 1988 bibliothecis
2393 1926 2676 2009 publicis
2718 1934 3145 1990 asservantur

894 2051 1304 2133 grhyasutra,
1365 2069 1576 2112 unum
1639 2049 1890 2112 editum
1951 2054 2065 2126 est,
2128 2050 2401 2113 alterius
2458 2051 2658 2115 editio
2706 2052 3017 2116 inchoata
3064 2050 3141 2136 2).

897 2177 1056 2241 Inde
1115 2178 1358 2240 factum
1422 2181 1537 2254 est,
1599 2181 1673 2239 ut
1734 2181 1992 2258 praeter
2050 2175 2279 2238 Haasii
2340 2176 2721 2259 diligentem
2788 2177 2858 2239 in
2920 2178 3143 2259 nupti-

895 2322 1087 2366 arum
1155 2303 1360 2384 ritum
1423 2301 1947 2383 disquisitionem
2018 2301 2113 2382 (in
2176 2301 2516 2365 volumine
2576 2302 2809 2384 quinto
2870 2302 3145 2366 Weberi

898 2426 1081 2493 Stud.
1127 2426 1269 2490 Ind.
1315 2445 1502 2509 pagg.
1553 2426 1926 2509 267—412)
1980 2431 2044 2490 et
2090 2445 2169 2488 ea
2214 2445 2384 2508 quae
2428 2427 2583 2489 Max
2622 2427 2865 2491 Miiller
2909 2428 2979 2490 in
3026 2448 3144 2491 vo-

895 2551 1150 2616 lumine
1197 2569 1393 2630 nono,
1439 2569 1626 2634 pagg.
1674 2550 1705 2613 I
1748 2569 1887 2633 sqq.
1928 2550 2289 2629 „Zeitschr.
2327 2551 2440 2615 der
2478 2551 2767 2617 deutsch.
2812 2552 3141 2635 morgenl.

895 2675 1363 2740 Gesellschaft”
1402 2675 1480 2739 de
1521 2681 1935 2740 mortuorum
1974 2676 2402 2759 religionibus
2438 2678 2756 2761 exposuit,
2792 2678 2963 2740 nihil
2985 2679 3144 2756 fere,

896 2801 1115 2885 quoad
1172 2802 1434 2879 scimus,
1495 2820 1576 2865 ex
1622 2800 2083 2885 limpidissimo
2129 2802 2306 2865 fonte
2354 2803 2422 2864 in
2471 2822 2897 2867 communem
2942 2824 3145 2867 usum

863 2926 1236 3009 ‚defluxerit
1281 2924 1358 3011 ⁸).

987 3052 1242 3117 Horum
1288 3056 1546 3115 secutus
1593 3051 1898 3134 exempla
1944 3050 2398 3115 dissertatione
2444 3057 2666 3115 nostra
2709 3071 2818 3116 eas
2858 3071 3148 3116 ceremo-

968 3358 1009 3424 ¹)
1062 3355 1523 3411 Enumerationem
1575 3356 2027 3426 grhyasntrorum,
2079 3372 2211 3424 quae
2262 3354 2429 3411 adhuc
2472 3356 2529 3409 in
2562 3359 2862 3411 nostrorum
2896 3357 3151 3412 notitiam

790 3521 792 3523 v
899 3463 1198 3519 pervenere,
1251 3447 1355 3502 vid.
1406 3448 1463 3501 in
1517 3448 1664 3502 Web.
1712 3448 1827 3501 Ind.
1876 3448 2026 3502 Stud.
2070 3448 2143 3513 II,
2188 3463 2305 3517 pag.
2346 3450 2466 3513 1603
2502 3448 2623 3503 Max
2655 3448 2846 3503 Maner
2880 3491 2907 3511 „
2925 3449 3152 3519 History

901 3544 960 3597 of
989 3544 1082 3598 the
1118 3541 1347 3597 Ancient
1375 3540 1616 3595 Sanskrit
1649 3539 2011 3594 Litterature”
2038 3556 2155 3609 pag.
2186 3541 2298 3593 201.
2330 3540 2409 3595 cf.
2441 3542 2497 3594 et
2515 3539 2724 3593 Burnell
2753 3540 2810 3593 in
2846 3538 3151 3603 „Triibners

902 3634 1141 3691 Oriental
1176 3634 1278 3687 and
1312 3632 1589 3687 American
1621 3630 1874 3695 Record'',
1912 3631 2037 3685 anni
2082 3632 2224 3694 1869,
2264 3646 2379 3701 pag.
2417 3632 2532 3685 594.

968 3727 1007 3790 ²)
1056 3726 1170 3791 Quo
1214 3727 1450 3793 tempore
1505 3722 1632 3775 haec
1686 3721 2056 3787 scribebamus,
2100 3721 2202 3775 duo
2255 3723 2464 3775 tantum
2502 3720 2738 3775 fasciculi
2778 3737 2807 3775 e
2840 3720 3151 3791 Gobhiliya-

899 3815 1232 3885 grhyasutris
1279 3815 1335 3868 in
1380 3812 1709 3867 Bibliotheca
1753 3812 1935 3867 Indica
1980 3812 2109 3866 editi
2146 3814 2323 3877 erant3
2358 3827 2555 3876 vereor,
2591 3828 2657 3865 ne
2693 3811 2955 3881 prolixior,
2990 3828 3153 3881 quam

901 3906 1196 3975 oportebat,
1253 3905 1322 3961 iis
1367 3905 1440 3959 sit
1485 3904 1721 3959 adiectus
1769 3904 2189 3963 commentarius,
2242 3903 2321 3957 ita
2378 3904 2439 3956 ut
2495 3903 2783 3957 multorum
2825 3902 3152 3959 voluminum

902 4013 1032 4065 opus
1066 3996 1176 4050 fore
1211 3995 1464 4049 videatur.

968 4090 1012 4156 ³)
1047 4087 1230 4157 Neque
1263 4088 1315 4142 h.
1349 4087 1383 4141 1.
1415 4086 1676 4141 Stenzleri
1704 4102 1751 4139 v.
1784 4085 1845 4139 cl.
1875 4085 2185 4155 diligentem
2215 4087 2271 4139 et
2303 4086 2573 4140 strenuum
2608 4085 2840 4139 laborem
2869 4085 2981 4139 sine
2997 4085 3155 4141 laude

902 4180 1325 4251 praetermittere
1361 4181 1598 4249 oportet;
1631 4177 1765 4232 bene
1799 4177 1994 4231 meruit
2029 4176 2092 4231 de
2126 4176 2401 4231 literarum
2439 4175 2737 4230 Indicarum
2764 4175 3016 4229 studiosis
3042 4177 3153 4244 pri-

905 4289 1020 4326 mus
1049 4264 1364 4341 Xcvalayani
1403 4269 1690 4341 grhyorum
1729 4268 1915 4333 editor,
1965 4284 2096 4337 quae
2124 4267 2287 4321 editio
2311 4282 2446 4320 anno
2471 4266 2596 4321 1864
2616 4266 2730 4320 Soc.
2750 4265 2924 4320 Germ.
2948 4266 3153 4321 Orient.

903 4364 1154 4431 impensis
1200 4361 1411 4430 prodiit,
1457 4362 1513 4414 in
1559 4360 1837 4415 Paraskari
1884 4375 2007 4413 vero
2041 4358 2371 4428 grhyasutris
2406 4360 2462 4411 et
2495 4356 2597 4410 dux
2632 4360 2688 4409 et
2721 4356 2983 4425 interpres
3022 4358 3154 4423 (vid.

906 4472 965 4509 ea
1000 4470 1131 4523 quae
1165 4453 1376 4521 scripsit
1411 4453 1466 4505 in
1503 4452 1759 4507 Zeitschr.
1794 4451 1843 4505 d.
1878 4450 2113 4504 deutsch.
2147 4465 2311 4518 morg.
2346 4447 2537 4502 Gesell.
2567 4447 2690 4512 VII,
2710 4463 2826 4517 pag.
2844 4448 3154 4511 527-541).
