3325 5200
1318 612 1354 670 5

309 821 495 906 Quae
557 826 780 886 autem
842 823 912 885 in
964 822 1189 904 grhyis
1247 821 1598 886 traduntur
1651 820 2083 898 ceremoniae,
2138 839 2450 904 magnam

216 967 334 1014 eae
393 946 642 1029 spirant
687 946 1174 1029 antiquitatem,
1219 965 1433 1029 neque
1478 951 1691 1009 exstat
1736 964 1934 1008 causa
1978 964 2096 1008 cur
2141 965 2455 1028 negemus

213 1071 567 1156 paululum
606 1073 1037 1135 immutatum
1076 1072 1683 1155 amplificatumque
1708 1072 1865 1135 satis
1890 1075 2221 1134 vetustum
2246 1071 2451 1135 ritum

215 1197 319 1262 his
363 1198 558 1261 sutris
603 1199 946 1263 contineri.
998 1196 1169 1262 Cum
1217 1199 1395 1262 enim
1443 1217 1671 1262 omnes
1710 1197 2059 1280 religiones
2096 1197 2455 1279 longaevae

137 1357 144 1362 ·
215 1327 389 1401 sunt,
438 1329 579 1387 tum
625 1323 1018 1387 domesticae
1058 1324 1469 1407 singulorum
1509 1315 1719 1387 vitam
1754 1322 2149 1400 ordinanteS,
2181 1327 2455 1405 paterna

217 1421 284 1512 et
343 1450 544 1512 avita·
578 1449 967 1513 auctoritate
1011 1449 1328 1526 munitae,
1377 1448 1470 1511 ita
1515 1448 1646 1510 alte
1692 1448 1764 1510 in
1810 1447 2157 1511 hominum
2210 1447 2455 1510 animis

216 1578 371 1638 sunt
409 1573 664 1646 insitae,
707 1577 781 1636 ut
814 1572 1034 1655 potius
1069 1572 1222 1635 deos
1245 1572 1633 1649 desererent,
1659 1590 1860 1653 quam
1888 1571 2156 1635 solitum
2182 1570 2453 1634 deorum

215 1699 493 1768 cultum.
556 1697 748 1780 Quod
809 1719 962 1763 cum
1025 1699 1103 1762 de
1165 1699 1476 1762 omnibus
1529 1698 1804 1761 omnino
1858 1697 2164 1779 gentibus
2210 1697 2449 1774 valeat,

214 1823 635 1908 praecipuam
682 1823 753 1885 in
800 1822 995 1886 Indos
1042 1823 1178 1884 vim
1227 1822 1444 1900 habet,
1486 1822 1691 1885 moris
1729 1823 2061 1884 maiorum
2104 1802 2455 1884 tenacitate

215 1949 674 2014 Romanorum
736 1968 924 2031 pares
983 1954 1101 2012 aut
1154 1947 1538 2031 superioreS.
1586 1946 1859 2024 Deinde,
1905 1952 1979 2009 ut
2025 1946 2271 2028 quique
2316 1945 2455 2009 diu·

217 2075 467 2138 tissime
512 2075 598 2138 ab
643 2073 878 2138 alienis
922 2074 1102 2156 pacis
1147 2073 1435 2156 bellique
1475 2072 1729 2136 artibus
1773 2073 2012 2136 remoti
2059 2065 2313 2149 vivunt,
2360 2071 2457 2134 ita

220 2200 500 2267 minime
569 2204 906 2282 corruptos
966 2218 1182 2263 mores
1241 2199 1483 2262 habere
1543 2197 1789 2274 solent3
1851 2196 2037 2260 cuius
2096 2197 2295 2260 etiam
2359 2196 2455 2259 rei

215 2327 412 2392 Indos
485 2346 636 2390 cum
713 2327 1005 2390 maxime
1086 2325 1477 2390 documento
1549 2343 1685 2388 esse
1746 2327 2019 2387 constat.
2082 2323 2251 2387 Tum
2314 2323 2455 2405 ipsa

217 2450 606 2534 simplicitas
673 2456 738 2514 et
799 2451 1139 2527 evidentia
1189 2455 1708 2533 praeceptorum,
1768 2449 2009 2531 quibus
2066 2447 2457 2532 grhyasfitra

217 2577 600 2655 consistunt,
647 2576 1109 2660 antiquitatem
1162 2575 1461 2654 ostendit,
1502 2575 1556 2638 si
1594 2574 1745 2658 quis
1780 2573 2263 2658 comparaverit
2301 2594 2451 2639 cum

217 2704 472 2791 ingenti
506 2708 702 2787 atque
740 2703 926 2766 inani
961 2703 1136 2767 mole
1161 2703 1708 2779 ceremoniarum,
1735 2700 2222 2783 superstitiones
2246 2699 2455 2782 magis

216 2851 414 2915 quam
465 2830 815 2914 religiones
859 2830 1303 2907 referentium,
1350 2828 1592 2911 quibus
1637 2828 2078 2891 recentiorum
2114 2825 2455 2889 abundant

214 2956 469 3039 scripta,
531 2956 668 3019 sive
730 2973 1023 3038 prayoga
1066 2954 1203 3018 sive
1249 2954 1562 3037 paddhati
1608 2954 1747 3015 sive
1791 2971 1923 3034 quo
1969 2952 2100 3016 alio
2146 2956 2297 3015 sunt
2342 2970 2453 3033 ap·

212 3080 519 3164 pellanda
578 3080 869 3177 nomine.
931 3079 1337 3142 Primarium
1398 3078 1621 3161 igitur,
1687 3081 1769 3139 ut·
1819 3096 1939 3159 par
1990 3082 2105 3153 est,
2150 3076 2222 3140 in
2265 3076 2454 3141 libris

214 3206 281 3269 id
325 3225 531 3291 genus
572 3206 964 3289 grhyasutra
1010 3205 1314 3269 omnium
1363 3222 1682 3267 consensu
1730 3203 2030 3267 obtinent
2072 3201 2314 3266 locum.

303 3329 449 3413 Quo
498 3335 788 3414 tempore
832 3335 1054 3395 autem
1093 3331 1465 3415 ‘composita
1511 3330 1660 3407 sint,
1708 3328 1885 3392 haud
1933 3330 2026 3392 ita
2071 3329 2259 3392 facile
2299 3346 2448 3392 eno·

213 3456 354 3521 dari
413 3462 643 3539 potest.
693 3444 903 3533 Solus,
952 3475 1152 3538 quem
1201 3456 1354 3520 huic
1401 3455 1815 3538 inquisitioni
1864 3474 2130 3537 operam
2177 3474 2448 3518 navasse

213 3584 364 3661 scio,
409 3582 566 3645 Max
607 3581 848 3645 Miiller
889 3581 960 3643 in
1007 3581 1177 3645 libro
1223 3580 1490 3644 laudato
1539 3580 1866 3662 „History
1912 3581 1984 3644 of
2020 3581 2127 3645 the
2165 3579 2447 3644 Ancient
2523 3552 2551 3619 -”

213 3707 516 3773 Sanskrit
589 3704 999 3769 Literature”
1057 3696 1254 3789 pagg.
1331 3705 1628 3767 71--312
1702 3705 1943 3768 multas
2010 3706 2094 3769 ob
2164 3706 2449 3770 rationes

213 3851 409 3896 omne
454 3851 658 3914 genus
699 3832 1044 3909 librorum,
1094 3831 1210 3913 qui
1256 3828 1542 3907 „sutra”
1587 3829 1856 3894 titulum
1905 3830 2290 3913 inscriptum
2340 3831 2450 3893 ha-

215 3960 387 4037 bent,
447 3958 531 4021 ad
589 3965 841 4047 certum
893 3957 1204 4040 temporis
1248 3956 1535 4039 spatium
1584 3955 2015 4043 reiiciendum
2065 3975 2200 4020 esse
2246 3957 2446 4040 suspi-

208 4201 292 4257 die
335 4200 414 4254 als
457 4201 753 4255 vorhanden
799 4204 1220 4270 vorausgesetzte
1264 4197 1562 4252 Vorschrift
1601 4199 1808 4265 (oidlai).
1842 4198 1941 4253 Die
1978 4198 2321 4269 Verweisung
2357 4202 2452 4254 auf

206 4293 289 4349 die
332 4292 704 4357 „Vorschrift”
745 4291 994 4345 beziehen
1027 4291 1112 4345 die
1145 4291 1605 4346 Commentatoren
1641 4290 1781 4342 stets
1815 4289 1909 4342 auf
1941 4289 2025 4343 die
2065 4288 2445 4359 (ἰώγα-δῶτε,

208 4384 312 4441 und
363 4384 646 4454 allerdings
683 4378 763 4437 'ist
808 4382 942 4437 auch
986 4398 1086 4436 nur
1126 4382 1179 4436 in
1226 4381 1387 4435 ihnen
1433 4380 1518 4435 die
1565 4378 1915 4451 vollstandige
1962 4379 2295 4453 Auweisung·
2318 4380 2448 4436 iiber

208 4476 310 4533 den
341 4475 501 4533 Ritus
541 4475 712 4531 dieser
744 4474 1094 4547 Handlungen
1128 4473 1447 4529 euthalten.”
