<?xml version="1.0" encoding="UTF-8"?>
<!DOCTYPE html PUBLIC "-//W3C//DTD XHTML 1.0 Transitional//EN"
    "http://www.w3.org/TR/xhtml1/DTD/xhtml1-transitional.dtd">
<html xmlns="http://www.w3.org/1999/xhtml" xml:lang="en" lang="en">
 <head>
  <title>
</title>
<meta http-equiv="Content-Type" content="text/html;charset=utf-8" />
  <meta name='ocr-system' content='tesseract 3.04.00' />
  <meta name='ocr-capabilities' content='ocr_page ocr_carea ocr_par ocr_line ocrx_word'/>
</head>
<body>
  <div class='ocr_page' id='page_1' title='image "./specimenliterar00speygoog_0016.png"; bbox 0 0 3325 5200; ppageno 0'>
   <div class='ocr_carea' id='block_1_1' title="bbox 1986 583 2027 646">
    <p class='ocr_par' dir='ltr' id='par_1_1' title="bbox 1986 583 2027 646">
     <span class='ocr_line' id='line_1_1' title="bbox 1986 583 2027 646; baseline 0 0"><span class='ocrx_word' id='word_1_1' title='bbox 1986 583 2027 646; x_wconf 83' lang='lat'><strong>4</strong></span> 
     </span>
    </p>
   </div>
   <div class='ocr_carea' id='block_1_2' title="bbox 883 798 3139 1260">
    <p class='ocr_par' dir='ltr' id='par_1_2' title="bbox 883 798 3139 1260">
     <span class='ocr_line' id='line_1_2' title="bbox 883 798 3131 884; baseline 0.001 -22"><span class='ocrx_word' id='word_1_2' title='bbox 883 816 1012 881; x_wconf 91' lang='lat' dir='ltr'><strong>que</strong></span> <span class='ocrx_word' id='word_1_3' title='bbox 1055 798 1478 876; x_wconf 73' lang='lat' dir='ltr'><strong>ceremoniae,</strong></span> <span class='ocrx_word' id='word_1_4' title='bbox 1521 817 1687 881; x_wconf 87' lang='lat' dir='ltr'><strong>quas</strong></span> <span class='ocrx_word' id='word_1_5' title='bbox 1728 798 2199 881; x_wconf 78' lang='lat' dir='ltr'><strong>paterfamilias</strong></span> <span class='ocrx_word' id='word_1_6' title='bbox 2244 818 2361 881; x_wconf 89' lang='lat' dir='ltr'><strong>pro</strong></span> <span class='ocrx_word' id='word_1_7' title='bbox 2404 818 2526 862; x_wconf 86' lang='lat' dir='ltr'><strong>sua</strong></span> <span class='ocrx_word' id='word_1_8' title='bbox 2570 819 2978 884; x_wconf 88' lang='lat' dir='ltr'><strong>suorumque</strong></span> <span class='ocrx_word' id='word_1_9' title='bbox 3029 821 3131 864; x_wconf 86' lang='lat' dir='ltr'><strong>sa-</strong></span> 
     </span>
     <span class='ocr_line' id='line_1_3' title="bbox 885 923 3137 1008; baseline 0.001 -20"><span class='ocrx_word' id='word_1_10' title='bbox 885 925 1024 988; x_wconf 89' lang='lat' dir='ltr'><strong>lute</strong></span> <span class='ocrx_word' id='word_1_11' title='bbox 1067 943 1373 1008; x_wconf 86' lang='lat' dir='ltr'><strong>peragere</strong></span> <span class='ocrx_word' id='word_1_12' title='bbox 1417 925 1630 1002; x_wconf 90' lang='lat' dir='ltr'><strong>debet,</strong></span> <span class='ocrx_word' id='word_1_13' title='bbox 1674 924 1899 1007; x_wconf 82' lang='lat' dir='ltr'><strong>grhyis</strong></span> <span class='ocrx_word' id='word_1_14' title='bbox 1942 925 2384 1002; x_wconf 86' lang='lat' dir='ltr'><strong>continentur,</strong></span> <span class='ocrx_word' id='word_1_15' title='bbox 2422 923 2929 1008; x_wconf 71' lang='lat' dir='ltr'><strong>samayecarika</strong></span> <span class='ocrx_word' id='word_1_16' title='bbox 2970 927 3137 991; x_wconf 83' lang='lat' dir='ltr'><strong>Max</strong></span> 
     </span>
     <span class='ocr_line' id='line_1_4' title="bbox 885 1049 3139 1133; baseline 0 -20"><span class='ocrx_word' id='word_1_17' title='bbox 885 1050 1165 1114; x_wconf 87' lang='lat' dir='ltr'><strong>Miillero</strong></span> <span class='ocrx_word' id='word_1_18' title='bbox 1211 1056 1475 1115; x_wconf 88' lang='lat' dir='ltr'><strong>auctore</strong></span> <span class='ocrx_word' id='word_1_19' title='bbox 1518 1055 1725 1132; x_wconf 83' lang='lat' dir='ltr'><strong>agunt</strong></span> <span class='ocrx_word' id='word_1_20' title='bbox 1769 1049 1851 1112; x_wconf 90' lang='lat' dir='ltr'><strong>de</strong></span> <span class='ocrx_word' id='word_1_21' title='bbox 1892 1068 2079 1112; x_wconf 90' lang='lat' dir='ltr'><strong>more</strong></span> <span class='ocrx_word' id='word_1_22' title='bbox 2118 1067 2317 1132; x_wconf 91' lang='lat' dir='ltr'><strong>quem</strong></span> <span class='ocrx_word' id='word_1_23' title='bbox 2364 1049 2713 1114; x_wconf 81' lang='lat' dir='ltr'><strong>observare</strong></span> <span class='ocrx_word' id='word_1_24' title='bbox 2758 1057 3018 1133; x_wconf 83' lang='lat' dir='ltr'><strong>oportet</strong></span> <span class='ocrx_word' id='word_1_25' title='bbox 3060 1052 3139 1114; x_wconf 89' lang='lat' dir='ltr'><strong>in</strong></span> 
     </span>
     <span class='ocr_line' id='line_1_5' title="bbox 887 1147 3127 1260; baseline 0 -21"><span class='ocrx_word' id='word_1_26' title='bbox 887 1175 1357 1240; x_wconf 86' lang='lat' dir='ltr'><strong>consuetudine</strong></span> <span class='ocrx_word' id='word_1_27' title='bbox 1393 1175 1743 1238; x_wconf 89' lang='lat' dir='ltr'><strong>hominum</strong></span> <span class='ocrx_word' id='word_1_28' title='bbox 1780 1175 2112 1255; x_wconf 84' lang='lat' dir='ltr'><strong>variisque</strong></span> <span class='ocrx_word' id='word_1_29' title='bbox 2146 1175 2425 1256; x_wconf 84' lang='lat' dir='ltr'><strong>negotiis</strong></span> <span class='ocrx_word' id='word_1_30' title='bbox 2462 1176 2640 1238; x_wconf 83' lang='lat' dir='ltr'><strong>vitae</strong></span> <span class='ocrx_word' id='word_1_31' title='bbox 2678 1147 3020 1240; x_wconf 86' lang='lat' dir='ltr'><strong>humanae</strong></span> <span class='ocrx_word' id='word_1_32' title='bbox 3049 1173 3127 1260; x_wconf 85' lang='lat'><strong>¹).</strong></span> 
     </span>
    </p>
   </div>
   <div class='ocr_carea' id='block_1_3' title="bbox 889 1355 1276 1364">
    <p class='ocr_par' dir='ltr' id='par_1_3' title="bbox 889 1355 1276 1364">
     <span class='ocr_line' id='line_1_6' title="bbox 889 1355 1276 1364; baseline 0 0"><span class='ocrx_word' id='word_1_33' title='bbox 889 1355 1276 1364; x_wconf 95' lang='lat' dir='ltr'><strong> </strong></span> 
     </span>
    </p>
   </div>
   <div class='ocr_carea' id='block_1_4' title="bbox 811 1455 3209 4525">
    <p class='ocr_par' dir='ltr' id='par_1_4' title="bbox 887 1455 3137 1891">
     <span class='ocr_line' id='line_1_7' title="bbox 954 1455 3135 1527; baseline 0 -15"><span class='ocrx_word' id='word_1_34' title='bbox 954 1461 996 1524; x_wconf 91' lang='lat'><strong>¹)</strong></span> <span class='ocrx_word' id='word_1_35' title='bbox 1029 1457 1113 1512; x_wconf 83' lang='lat' dir='ltr'><strong>Cf.</strong></span> <span class='ocrx_word' id='word_1_36' title='bbox 1155 1456 1276 1510; x_wconf 80' lang='lat' dir='ltr'><strong>Max</strong></span> <span class='ocrx_word' id='word_1_37' title='bbox 1309 1456 1500 1510; x_wconf 81' lang='lat' dir='ltr'><strong>Miiller</strong></span> <span class='ocrx_word' id='word_1_38' title='bbox 1531 1455 1565 1508; x_wconf 96' lang='lat' dir='ltr'><strong>l.</strong></span> <span class='ocrx_word' id='word_1_39' title='bbox 1601 1456 1636 1510; x_wconf 87' lang='lat'><strong>1.</strong></span> <span class='ocrx_word' id='word_1_40' title='bbox 1676 1473 1794 1525; x_wconf 82' lang='lat' dir='ltr'><strong>pag.</strong></span> <span class='ocrx_word' id='word_1_41' title='bbox 1810 1484 1814 1488; x_wconf 89' lang='lat'><em>-</em></span> <span class='ocrx_word' id='word_1_42' title='bbox 1830 1457 1953 1510; x_wconf 74' lang='lat'>200:</span> <span class='ocrx_word' id='word_1_43' title='bbox 1990 1455 2143 1520; x_wconf 86' lang='lat' dir='ltr'><strong>„The</strong></span> <span class='ocrx_word' id='word_1_44' title='bbox 2185 1456 2367 1526; x_wconf 82' lang='lat' dir='ltr'><strong>Grhya</strong></span> <span class='ocrx_word' id='word_1_45' title='bbox 2406 1455 2511 1510; x_wconf 87' lang='lat' dir='ltr'><strong>and</strong></span> <span class='ocrx_word' id='word_1_46' title='bbox 2551 1455 3135 1527; x_wconf 70' lang='lat' dir='ltr'><strong>Sfimayaciirikasiitras</strong></span> 
     </span>
     <span class='ocr_line' id='line_1_8' title="bbox 887 1546 3136 1617; baseline 0 -15"><span class='ocrx_word' id='word_1_47' title='bbox 887 1550 1018 1603; x_wconf 83' lang='lat' dir='ltr'><strong>have</strong></span> <span class='ocrx_word' id='word_1_48' title='bbox 1051 1548 1352 1617; x_wconf 75' lang='lat' dir='ltr'><strong>frequently</strong></span> <span class='ocrx_word' id='word_1_49' title='bbox 1381 1547 1514 1601; x_wconf 89' lang='lat' dir='ltr'><strong>been</strong></span> <span class='ocrx_word' id='word_1_50' title='bbox 1544 1547 1867 1601; x_wconf 84' lang='lat' dir='ltr'><strong>confounded</strong></span> <span class='ocrx_word' id='word_1_51' title='bbox 1894 1546 1965 1615; x_wconf 84' lang='lat' dir='ltr'><strong>bij</strong></span> <span class='ocrx_word' id='word_1_52' title='bbox 1998 1547 2269 1616; x_wconf 87' lang='lat' dir='ltr'><strong>European</strong></span> <span class='ocrx_word' id='word_1_53' title='bbox 2298 1547 2558 1613; x_wconf 84' lang='lat' dir='ltr'><strong>scholars;</strong></span> <span class='ocrx_word' id='word_1_54' title='bbox 2586 1547 2684 1602; x_wconf 89' lang='lat' dir='ltr'><strong>but</strong></span> <span class='ocrx_word' id='word_1_55' title='bbox 2710 1549 2806 1603; x_wconf 89' lang='lat' dir='ltr'><strong>the</strong></span> <span class='ocrx_word' id='word_1_56' title='bbox 2834 1549 3136 1602; x_wconf 84' lang='lat' dir='ltr'><strong>Brahmans</strong></span> 
     </span>
     <span class='ocr_line' id='line_1_9' title="bbox 887 1638 3135 1710; baseline 0 -16"><span class='ocrx_word' id='word_1_57' title='bbox 887 1640 1208 1710; x_wconf 81' lang='lat' dir='ltr'><strong>distinguish</strong></span> <span class='ocrx_word' id='word_1_58' title='bbox 1239 1639 1447 1709; x_wconf 75' lang='lat' dir='ltr'><strong>strictly</strong></span> <span class='ocrx_word' id='word_1_59' title='bbox 1478 1638 1718 1693; x_wconf 82' lang='lat' dir='ltr'><strong>between</strong></span> <span class='ocrx_word' id='word_1_60' title='bbox 1757 1639 1848 1693; x_wconf 84' lang='lat' dir='ltr'><strong>the</strong></span> <span class='ocrx_word' id='word_1_61' title='bbox 1881 1639 2405 1708; x_wconf 76' lang='lat' dir='ltr'><strong>g⁷·hya·ceremonies,</strong></span> <span class='ocrx_word' id='word_1_62' title='bbox 2438 1639 2735 1708; x_wconf 79' lang='lat' dir='ltr'><strong>performed</strong></span> <span class='ocrx_word' id='word_1_63' title='bbox 2768 1640 2842 1710; x_wconf 84' lang='lat' dir='ltr'><strong>by</strong></span> <span class='ocrx_word' id='word_1_64' title='bbox 2866 1641 2963 1695; x_wconf 89' lang='lat' dir='ltr'><strong>the</strong></span> <span class='ocrx_word' id='word_1_65' title='bbox 2991 1655 3135 1694; x_wconf 88' lang='lat' dir='ltr'><strong>mar·</strong></span> 
     </span>
     <span class='ocr_line' id='line_1_10' title="bbox 887 1729 3135 1798; baseline 0.001 -13"><span class='ocrx_word' id='word_1_66' title='bbox 887 1731 1000 1785; x_wconf 89' lang='lat' dir='ltr'><strong>ried</strong></span> <span class='ocrx_word' id='word_1_67' title='bbox 1040 1729 1386 1784; x_wconf 87' lang='lat' dir='ltr'><strong>householder</strong></span> <span class='ocrx_word' id='word_1_68' title='bbox 1417 1730 1495 1796; x_wconf 90' lang='lat' dir='ltr'><strong>[ni</strong></span> <span class='ocrx_word' id='word_1_69' title='bbox 1525 1729 1863 1783; x_wconf 86' lang='lat' dir='ltr'><strong>vehementer</strong></span> <span class='ocrx_word' id='word_1_70' title='bbox 1897 1729 2065 1795; x_wconf 84' lang='lat' dir='ltr'><strong>fallor,</strong></span> <span class='ocrx_word' id='word_1_71' title='bbox 2100 1729 2263 1784; x_wconf 88' lang='lat' dir='ltr'><strong>etiam</strong></span> <span class='ocrx_word' id='word_1_72' title='bbox 2298 1729 2488 1784; x_wconf 89' lang='lat' dir='ltr'><strong>coelibi</strong></span> <span class='ocrx_word' id='word_1_73' title='bbox 2524 1731 2894 1798; x_wconf 82' lang='lat' dir='ltr'><strong>patrifamilias</strong></span> <span class='ocrx_word' id='word_1_74' title='bbox 2931 1749 2964 1786; x_wconf 87' lang='lat' dir='ltr'><strong>a</strong></span> <span class='ocrx_word' id='word_1_75' title='bbox 2998 1747 3135 1787; x_wconf 91' lang='lat' dir='ltr'><strong>non-</strong></span> 
     </span>
     <span class='ocr_line' id='line_1_11' title="bbox 889 1819 3137 1891; baseline 0 -16"><span class='ocrx_word' id='word_1_76' title='bbox 889 1821 1048 1875; x_wconf 79' lang='lat' dir='ltr'><strong>nullis</strong></span> <span class='ocrx_word' id='word_1_77' title='bbox 1091 1821 1494 1890; x_wconf 80' lang='lat' dir='ltr'><strong>permittuntur3</strong></span> <span class='ocrx_word' id='word_1_78' title='bbox 1529 1819 1632 1873; x_wconf 82' lang='lat' dir='ltr'><strong>vid.</strong></span> <span class='ocrx_word' id='word_1_79' title='bbox 1667 1820 1809 1874; x_wconf 86' lang='lat' dir='ltr'><strong>Haas</strong></span> <span class='ocrx_word' id='word_1_80' title='bbox 1846 1820 1904 1873; x_wconf 90' lang='lat' dir='ltr'><strong>in</strong></span> <span class='ocrx_word' id='word_1_81' title='bbox 1941 1820 2092 1876; x_wconf 86' lang='lat' dir='ltr'><strong>Web.</strong></span> <span class='ocrx_word' id='word_1_82' title='bbox 2130 1819 2280 1874; x_wconf 87' lang='lat' dir='ltr'><strong>Stud.</strong></span> <span class='ocrx_word' id='word_1_83' title='bbox 2314 1819 2429 1874; x_wconf 88' lang='lat' dir='ltr'><strong>Iud.</strong></span> <span class='ocrx_word' id='word_1_84' title='bbox 2465 1820 2531 1885; x_wconf 90' lang='lat' dir='ltr'><strong>V,</strong></span> <span class='ocrx_word' id='word_1_85' title='bbox 2567 1839 2683 1891; x_wconf 83' lang='lat' dir='ltr'><strong>pag.</strong></span> <span class='ocrx_word' id='word_1_86' title='bbox 2722 1823 2851 1888; x_wconf 72' lang='lat'><strong>2863</strong></span> <span class='ocrx_word' id='word_1_87' title='bbox 2888 1822 3020 1877; x_wconf 87' lang='lat' dir='ltr'><strong>locis</strong></span> <span class='ocrx_word' id='word_1_88' title='bbox 3055 1823 3137 1877; x_wconf 89' lang='lat' dir='ltr'><strong>ibi</strong></span> 
     </span>
    </p>

    <p class='ocr_par' dir='ltr' id='par_1_5' title="bbox 811 1910 3209 4525">
     <span class='ocr_line' id='line_1_12' title="bbox 890 1910 3137 1981; baseline 0.001 -16"><span class='ocrx_word' id='word_1_89' title='bbox 890 1911 1118 1966; x_wconf 86' lang='lat' dir='ltr'><strong>laudatis</strong></span> <span class='ocrx_word' id='word_1_90' title='bbox 1151 1910 1280 1964; x_wconf 87' lang='lat' dir='ltr'><strong>adde</strong></span> <span class='ocrx_word' id='word_1_91' title='bbox 1312 1911 1431 1964; x_wconf 78' lang='lat' dir='ltr'><strong>Par.</strong></span> <span class='ocrx_word' id='word_1_92' title='bbox 1461 1910 1626 1980; x_wconf 86' lang='lat' dir='ltr'><strong>Grhy.</strong></span> <span class='ocrx_word' id='word_1_93' title='bbox 1655 1911 1701 1973; x_wconf 92' lang='lat'><strong>1,</strong></span> <span class='ocrx_word' id='word_1_94' title='bbox 1734 1911 1793 1964; x_wconf 79' lang='lat'><strong>2:</strong></span> <span class='ocrx_word' id='word_1_95' title='bbox 1822 1953 1851 1973; x_wconf 93' lang='lat'><strong>‚‚</strong></span> <span class='ocrx_word' id='word_1_96' title='bbox 1868 1911 2393 1979; x_wconf 64' lang='grc' dir='ltr'><strong>ᾶυαεαῑὴῃᾶάὴᾶηαπι</strong></span> <span class='ocrx_word' id='word_1_97' title='bbox 2432 1913 2707 1970; x_wconf 72' lang='grc' dir='ltr'><strong><em>ἀᾶταλεᾶὶε,</em></strong></span> <span class='ocrx_word' id='word_1_98' title='bbox 2745 1913 3137 1981; x_wconf 66' lang='lat' dir='ltr'><strong>dciydclyakdla</strong></span> 
     </span>
     <span class='ocr_line' id='line_1_13' title="bbox 811 1989 3137 2079; baseline 0.002 -24"><span class='ocrx_word' id='word_1_99' title='bbox 811 1989 818 1994; x_wconf 46' lang='lat'>⁵</span> <span class='ocrx_word' id='word_1_100' title='bbox 888 2001 1161 2056; x_wconf 71' lang='lat' dir='ltr'><strong>ekesht‘z‘m”</strong></span> <span class='ocrx_word' id='word_1_101' title='bbox 1222 2001 1402 2071; x_wconf 86' lang='lat' dir='ltr'><strong>„ignis</strong></span> <span class='ocrx_word' id='word_1_102' title='bbox 1465 2001 1782 2079; x_wconf 81' lang='lat' dir='ltr'><strong>domesticus</strong></span> <span class='ocrx_word' id='word_1_103' title='bbox 1827 2001 2141 2066; x_wconf 80' lang='lat' dir='ltr'><strong>accenditur,</strong></span> <span class='ocrx_word' id='word_1_104' title='bbox 2191 2001 2283 2055; x_wconf 89' lang='lat' dir='ltr'><strong>ubi</strong></span> <span class='ocrx_word' id='word_1_105' title='bbox 2332 2001 2451 2070; x_wconf 85' lang='lat' dir='ltr'><strong>quis</strong></span> <span class='ocrx_word' id='word_1_106' title='bbox 2504 2017 2715 2056; x_wconf 83' lang='lat' dir='ltr'><strong>uxorem</strong></span> <span class='ocrx_word' id='word_1_107' title='bbox 2768 2002 2992 2070; x_wconf 83' lang='lat' dir='ltr'><strong>duxerit,</strong></span> <span class='ocrx_word' id='word_1_108' title='bbox 3052 2023 3137 2059; x_wconf 90' lang='lat' dir='ltr'><strong>se-</strong></span> 
     </span>
     <span class='ocr_line' id='line_1_14' title="bbox 891 2091 3139 2161; baseline 0.002 -15"><span class='ocrx_word' id='word_1_109' title='bbox 891 2092 1114 2146; x_wconf 91' lang='lat' dir='ltr'><strong>cundum</strong></span> <span class='ocrx_word' id='word_1_110' title='bbox 1170 2091 1444 2146; x_wconf 88' lang='lat' dir='ltr'><strong>nonnullos</strong></span> <span class='ocrx_word' id='word_1_111' title='bbox 1505 2092 1669 2146; x_wconf 85' lang='lat' dir='ltr'><strong>etiam</strong></span> <span class='ocrx_word' id='word_1_112' title='bbox 1728 2091 1785 2144; x_wconf 82' lang='lat' dir='ltr'><strong>in</strong></span> <span class='ocrx_word' id='word_1_113' title='bbox 1844 2091 2226 2147; x_wconf 77' lang='lat' dir='ltr'><strong>hereditatibus</strong></span> <span class='ocrx_word' id='word_1_114' title='bbox 2294 2095 2385 2158; x_wconf 88' lang='lat' dir='ltr'><strong>(sc.</strong></span> <span class='ocrx_word' id='word_1_115' title='bbox 2439 2093 2485 2145; x_wconf 85' lang='lat' dir='ltr'><strong>si</strong></span> <span class='ocrx_word' id='word_1_116' title='bbox 2547 2096 2698 2161; x_wconf 86' lang='lat' dir='ltr'><strong>patre</strong></span> <span class='ocrx_word' id='word_1_117' title='bbox 2752 2099 2980 2160; x_wconf 90' lang='lat' dir='ltr'><strong>mortuo,</strong></span> <span class='ocrx_word' id='word_1_118' title='bbox 3034 2095 3139 2150; x_wconf 84' lang='lat' dir='ltr'><strong>filii</strong></span> 
     </span>
     <span class='ocr_line' id='line_1_15' title="bbox 887 2181 3139 2254; baseline 0.002 -18"><span class='ocrx_word' id='word_1_119' title='bbox 887 2199 992 2236; x_wconf 90' lang='lat' dir='ltr'><strong>non</strong></span> <span class='ocrx_word' id='word_1_120' title='bbox 1040 2199 1143 2236; x_wconf 91' lang='lat' dir='ltr'><strong>una</strong></span> <span class='ocrx_word' id='word_1_121' title='bbox 1189 2184 1448 2246; x_wconf 85' lang='lat' dir='ltr'><strong>maneant,</strong></span> <span class='ocrx_word' id='word_1_122' title='bbox 1501 2181 1593 2236; x_wconf 89' lang='lat' dir='ltr'><strong>sed</strong></span> <span class='ocrx_word' id='word_1_123' title='bbox 1637 2182 1805 2236; x_wconf 83' lang='lat' dir='ltr'><strong>diviso</strong></span> <span class='ocrx_word' id='word_1_124' title='bbox 1850 2181 2163 2248; x_wconf 85' lang='lat' dir='ltr'><strong>patrimonio</strong></span> <span class='ocrx_word' id='word_1_125' title='bbox 2209 2182 2403 2252; x_wconf 83' lang='lat' dir='ltr'><strong>singuli</strong></span> <span class='ocrx_word' id='word_1_126' title='bbox 2439 2183 2547 2236; x_wconf 90' lang='lat' dir='ltr'><strong>iam</strong></span> <span class='ocrx_word' id='word_1_127' title='bbox 2587 2184 2913 2254; x_wconf 79' lang='lat' dir='ltr'><strong>singularum</strong></span> <span class='ocrx_word' id='word_1_128' title='bbox 2952 2189 3139 2254; x_wconf 87' lang='lat' dir='ltr'><strong>patres</strong></span> 
     </span>
     <span class='ocr_line' id='line_1_16' title="bbox 893 2263 3138 2346; baseline 0.003 -19"><span class='ocrx_word' id='word_1_129' title='bbox 893 2273 1208 2327; x_wconf 81' lang='lat' dir='ltr'><strong>familiarum</strong></span> <span class='ocrx_word' id='word_1_130' title='bbox 1257 2273 1486 2341; x_wconf 81' lang='lat' dir='ltr'><strong>fiant)”],</strong></span> <span class='ocrx_word' id='word_1_131' title='bbox 1539 2273 1727 2344; x_wconf 84' lang='lat' dir='ltr'><strong>chiefly</strong></span> <span class='ocrx_word' id='word_1_132' title='bbox 1770 2273 1853 2327; x_wconf 83' lang='lat' dir='ltr'><strong>for</strong></span> <span class='ocrx_word' id='word_1_133' title='bbox 1884 2274 1978 2327; x_wconf 90' lang='lat' dir='ltr'><strong>the</strong></span> <span class='ocrx_word' id='word_1_134' title='bbox 2011 2273 2209 2328; x_wconf 89' lang='lat' dir='ltr'><strong>benefit</strong></span> <span class='ocrx_word' id='word_1_135' title='bbox 2244 2275 2303 2328; x_wconf 82' lang='lat' dir='ltr'><strong>of</strong></span> <span class='ocrx_word' id='word_1_136' title='bbox 2332 2274 2416 2329; x_wconf 87' lang='lat' dir='ltr'><strong>his</strong></span> <span class='ocrx_word' id='word_1_137' title='bbox 2448 2274 2648 2346; x_wconf 80' lang='lat' dir='ltr'><strong>family,</strong></span> <span class='ocrx_word' id='word_1_138' title='bbox 2682 2276 2783 2330; x_wconf 83' lang='lat' dir='ltr'><strong>and</strong></span> <span class='ocrx_word' id='word_1_139' title='bbox 2818 2263 2913 2332; x_wconf 72' lang='lat' dir='ltr'><strong>t&#39;he</strong></span> <span class='ocrx_word' id='word_1_140' title='bbox 2951 2279 3138 2333; x_wconf 72' lang='lat' dir='ltr'><strong>Sama-</strong></span> 
     </span>
     <span class='ocr_line' id='line_1_17' title="bbox 887 2363 3137 2436; baseline 0.003 -19"><span class='ocrx_word' id='word_1_141' title='bbox 887 2364 1129 2434; x_wconf 72' lang='lat' dir='ltr'><strong>yacarika</strong></span> <span class='ocrx_word' id='word_1_142' title='bbox 1172 2364 1327 2428; x_wconf 81' lang='lat' dir='ltr'><strong>mles,</strong></span> <span class='ocrx_word' id='word_1_143' title='bbox 1377 2364 1548 2418; x_wconf 82' lang='lat' dir='ltr'><strong>which</strong></span> <span class='ocrx_word' id='word_1_144' title='bbox 1594 2380 1682 2418; x_wconf 88' lang='lat' dir='ltr'><strong>are</strong></span> <span class='ocrx_word' id='word_1_145' title='bbox 1728 2367 1787 2418; x_wconf 87' lang='lat' dir='ltr'><strong>to</strong></span> <span class='ocrx_word' id='word_1_146' title='bbox 1832 2363 1898 2418; x_wconf 91' lang='lat' dir='ltr'><strong>be</strong></span> <span class='ocrx_word' id='word_1_147' title='bbox 1944 2363 2196 2419; x_wconf 83' lang='lat' dir='ltr'><strong>observed</strong></span> <span class='ocrx_word' id='word_1_148' title='bbox 2230 2363 2300 2433; x_wconf 76' lang='lat' dir='ltr'><strong>by</strong></span> <span class='ocrx_word' id='word_1_149' title='bbox 2336 2365 2429 2418; x_wconf 88' lang='lat' dir='ltr'><strong>the</strong></span> <span class='ocrx_word' id='word_1_150' title='bbox 2463 2366 2633 2436; x_wconf 77' lang='lat' dir='ltr'><strong>rising</strong></span> <span class='ocrx_word' id='word_1_151' title='bbox 2664 2369 2992 2436; x_wconf 85' lang='lat' dir='ltr'><strong>generation,</strong></span> <span class='ocrx_word' id='word_1_152' title='bbox 3029 2371 3137 2424; x_wconf 89' lang='lat' dir='ltr'><strong>and</strong></span> 
     </span>
     <span class='ocr_line' id='line_1_18' title="bbox 887 2453 3137 2526; baseline 0.003 -18"><span class='ocrx_word' id='word_1_153' title='bbox 887 2453 1058 2508; x_wconf 82' lang='lat' dir='ltr'><strong>which</strong></span> <span class='ocrx_word' id='word_1_154' title='bbox 1091 2455 1324 2524; x_wconf 86' lang='lat' dir='ltr'><strong>regulate</strong></span> <span class='ocrx_word' id='word_1_155' title='bbox 1351 2453 1445 2508; x_wconf 90' lang='lat' dir='ltr'><strong>the</strong></span> <span class='ocrx_word' id='word_1_156' title='bbox 1473 2455 1679 2508; x_wconf 76' lang='lat' dir='ltr'><strong>various</strong></span> <span class='ocrx_word' id='word_1_157' title='bbox 1709 2454 1959 2508; x_wconf 87' lang='lat' dir='ltr'><strong>relations</strong></span> <span class='ocrx_word' id='word_1_158' title='bbox 1990 2455 2049 2508; x_wconf 82' lang='lat' dir='ltr'><strong>of</strong></span> <span class='ocrx_word' id='word_1_159' title='bbox 2073 2455 2351 2524; x_wconf 85' lang='lat' dir='ltr'><strong>every-day</strong></span> <span class='ocrx_word' id='word_1_160' title='bbox 2376 2455 2517 2509; x_wconf 76' lang='lat' dir='ltr'><strong>life-’⁹</strong></span> <span class='ocrx_word' id='word_1_161' title='bbox 2547 2457 2675 2526; x_wconf 85' lang='lat' dir='ltr'><strong>Pag.</strong></span> <span class='ocrx_word' id='word_1_162' title='bbox 2712 2459 2807 2512; x_wconf 84' lang='lat'><strong>133</strong></span> <span class='ocrx_word' id='word_1_163' title='bbox 2834 2475 2961 2514; x_wconf 83' lang='lat' dir='ltr'><strong>vero</strong></span> <span class='ocrx_word' id='word_1_164' title='bbox 2992 2461 3137 2516; x_wconf 88' lang='lat' dir='ltr'><strong>eius-</strong></span> 
     </span>
     <span class='ocr_line' id='line_1_19' title="bbox 889 2543 3137 2628; baseline 0.003 -27"><span class='ocrx_word' id='word_1_165' title='bbox 889 2545 1008 2601; x_wconf 87' lang='lat' dir='ltr'><strong>dem</strong></span> <span class='ocrx_word' id='word_1_166' title='bbox 1055 2545 1178 2600; x_wconf 87' lang='lat' dir='ltr'><strong>libri</strong></span> <span class='ocrx_word' id='word_1_167' title='bbox 1220 2545 1362 2600; x_wconf 89' lang='lat' dir='ltr'><strong>inter</strong></span> <span class='ocrx_word' id='word_1_168' title='bbox 1404 2545 1721 2628; x_wconf 71' lang='lat' dir='ltr'><strong>ceremonias</strong></span> <span class='ocrx_word' id='word_1_169' title='bbox 1768 2543 2098 2615; x_wconf 84' lang='lat' dir='ltr'><strong>distinguens</strong></span> <span class='ocrx_word' id='word_1_170' title='bbox 2136 2548 2191 2598; x_wconf 89' lang='lat' dir='ltr'><strong>et</strong></span> <span class='ocrx_word' id='word_1_171' title='bbox 2224 2545 2429 2598; x_wconf 71' lang='lat' dir='ltr'><strong>aearum</strong></span> <span class='ocrx_word' id='word_1_172' title='bbox 2466 2546 2639 2603; x_wconf 86' lang='lat' dir='ltr'><strong>minus</strong></span> <span class='ocrx_word' id='word_1_173' title='bbox 2676 2552 2819 2605; x_wconf 87' lang='lat' dir='ltr'><strong>recte</strong></span> <span class='ocrx_word' id='word_1_174' title='bbox 2860 2566 2979 2605; x_wconf 82' lang='lat' dir='ltr'><strong>mea</strong></span> <span class='ocrx_word' id='word_1_175' title='bbox 3015 2553 3137 2622; x_wconf 90' lang='lat' dir='ltr'><strong>qui-</strong></span> 
     </span>
     <span class='ocr_line' id='line_1_20' title="bbox 889 2634 3136 2712; baseline 0.004 -23"><span class='ocrx_word' id='word_1_176' title='bbox 889 2636 1006 2691; x_wconf 89' lang='lat' dir='ltr'><strong>dem</strong></span> <span class='ocrx_word' id='word_1_177' title='bbox 1053 2636 1318 2691; x_wconf 87' lang='lat' dir='ltr'><strong>sententia</strong></span> <span class='ocrx_word' id='word_1_178' title='bbox 1359 2636 1545 2690; x_wconf 85' lang='lat' dir='ltr'><strong>fecisse</strong></span> <span class='ocrx_word' id='word_1_179' title='bbox 1595 2636 1818 2690; x_wconf 82' lang='lat' dir='ltr'><strong>videtur.</strong></span> <span class='ocrx_word' id='word_1_180' title='bbox 1862 2634 2118 2689; x_wconf 85' lang='lat' dir='ltr'><strong>Vocabuli</strong></span> <span class='ocrx_word' id='word_1_181' title='bbox 2170 2636 2309 2689; x_wconf 89' lang='lat' dir='ltr'><strong>enim</strong></span> <span class='ocrx_word' id='word_1_182' title='bbox 2356 2638 2521 2690; x_wconf 71' lang='grc' dir='ltr'><em>ᾶσᾶνα</em></span> <span class='ocrx_word' id='word_1_183' title='bbox 2561 2640 2641 2693; x_wconf 80' lang='lat' dir='ltr'><strong>vis</strong></span> <span class='ocrx_word' id='word_1_184' title='bbox 2675 2642 2785 2693; x_wconf 79' lang='lat' dir='ltr'><strong>tam</strong></span> <span class='ocrx_word' id='word_1_185' title='bbox 2819 2641 2928 2696; x_wconf 79' lang='lat' dir='ltr'><strong>late</strong></span> <span class='ocrx_word' id='word_1_186' title='bbox 2964 2646 3136 2712; x_wconf 88' lang='lat' dir='ltr'><strong>patet,</strong></span> 
     </span>
     <span class='ocr_line' id='line_1_21' title="bbox 891 2726 3139 2806; baseline 0.004 -24"><span class='ocrx_word' id='word_1_187' title='bbox 891 2732 953 2782; x_wconf 89' lang='lat' dir='ltr'><strong>ut</strong></span> <span class='ocrx_word' id='word_1_188' title='bbox 985 2731 1041 2782; x_wconf 90' lang='lat' dir='ltr'><strong>et</strong></span> <span class='ocrx_word' id='word_1_189' title='bbox 1072 2728 1562 2798; x_wconf 74' lang='lat' dir='ltr'><strong>grhyaceremoniae</strong></span> <span class='ocrx_word' id='word_1_190' title='bbox 1592 2726 1691 2781; x_wconf 85' lang='lat' dir='ltr'><strong>hac</strong></span> <span class='ocrx_word' id='word_1_191' title='bbox 1718 2726 2068 2795; x_wconf 83' lang='lat' dir='ltr'><strong>appellatione</strong></span> <span class='ocrx_word' id='word_1_192' title='bbox 2095 2728 2618 2796; x_wconf 78' lang='lat' dir='ltr'><strong>comprehendantur.</strong></span> <span class='ocrx_word' id='word_1_193' title='bbox 2647 2730 2725 2786; x_wconf 85' lang='lat' dir='ltr'><strong>cf.</strong></span> <span class='ocrx_word' id='word_1_194' title='bbox 2757 2748 2799 2786; x_wconf 90' lang='lat' dir='ltr'><strong>e.</strong></span> <span class='ocrx_word' id='word_1_195' title='bbox 2829 2750 2882 2802; x_wconf 85' lang='lat' dir='ltr'><strong>g.</strong></span> <span class='ocrx_word' id='word_1_196' title='bbox 2909 2735 3139 2806; x_wconf 83' lang='lat' dir='ltr'><strong>Prayog.</strong></span> 
     </span>
     <span class='ocr_line' id='line_1_22' title="bbox 890 2818 3139 2895; baseline 0.004 -22"><span class='ocrx_word' id='word_1_197' title='bbox 890 2821 1047 2874; x_wconf 84' lang='lat' dir='ltr'><strong>Ratn.</strong></span> <span class='ocrx_word' id='word_1_198' title='bbox 1093 2836 1208 2889; x_wconf 81' lang='lat' dir='ltr'><strong>pag.</strong></span> <span class='ocrx_word' id='word_1_199' title='bbox 1254 2820 1335 2883; x_wconf 83' lang='lat'><strong>45,</strong></span> <span class='ocrx_word' id='word_1_200' title='bbox 1369 2835 1415 2883; x_wconf 82' lang='lat' dir='ltr'><strong>a,</strong></span> <span class='ocrx_word' id='word_1_201' title='bbox 1456 2821 1498 2879; x_wconf 86' lang='lat'><strong>1,</strong></span> <span class='ocrx_word' id='word_1_202' title='bbox 1533 2818 1623 2872; x_wconf 90' lang='lat' dir='ltr'><strong>ubi</strong></span> <span class='ocrx_word' id='word_1_203' title='bbox 1655 2818 2016 2871; x_wconf 68' lang='lat' dir='ltr'><strong>mimalcarani</strong></span> <span class='ocrx_word' id='word_1_204' title='bbox 2049 2820 2369 2873; x_wconf 86' lang='lat' dir='ltr'><strong>ceremoniae</strong></span> <span class='ocrx_word' id='word_1_205' title='bbox 2405 2821 2783 2889; x_wconf 85' lang='lat' dir='ltr'><strong>expositionem</strong></span> <span class='ocrx_word' id='word_1_206' title='bbox 2817 2824 2948 2879; x_wconf 88' lang='lat' dir='ltr'><strong>haec</strong></span> <span class='ocrx_word' id='word_1_207' title='bbox 2982 2840 3139 2895; x_wconf 87' lang='lat' dir='ltr'><strong>prae-</strong></span> 
     </span>
     <span class='ocr_line' id='line_1_23' title="bbox 891 2908 3138 2984; baseline 0.003 -21"><span class='ocrx_word' id='word_1_208' title='bbox 891 2910 1083 2965; x_wconf 89' lang='lat' dir='ltr'><strong>cedunt</strong></span> <span class='ocrx_word' id='word_1_209' title='bbox 1131 2908 1315 2963; x_wconf 75' lang='lat' dir='ltr'><strong>verbaz</strong></span> <span class='ocrx_word' id='word_1_210' title='bbox 1358 2909 1618 2977; x_wconf 71' lang='lat' dir='ltr'><strong>atrii’yam</strong></span> <span class='ocrx_word' id='word_1_211' title='bbox 1651 2909 1988 2973; x_wconf 67' lang='lat' dir='ltr'><strong>cislatciccirak</strong></span> <span class='ocrx_word' id='word_1_212' title='bbox 2026 2910 2083 2963; x_wconf 91' lang='lat' dir='ltr'><strong>et</strong></span> <span class='ocrx_word' id='word_1_213' title='bbox 2115 2908 2295 2963; x_wconf 88' lang='lat' dir='ltr'><strong>eadem</strong></span> <span class='ocrx_word' id='word_1_214' title='bbox 2330 2926 2445 2979; x_wconf 81' lang='lat' dir='ltr'><strong>pag.</strong></span> <span class='ocrx_word' id='word_1_215' title='bbox 2481 2925 2587 2979; x_wconf 89' lang='lat' dir='ltr'><strong>reg.</strong></span> <span class='ocrx_word' id='word_1_216' title='bbox 2628 2914 2690 2965; x_wconf 90' lang='lat'><strong>10</strong></span> <span class='ocrx_word' id='word_1_217' title='bbox 2722 2912 2787 2966; x_wconf 90' lang='lat' dir='ltr'><strong>de</strong></span> <span class='ocrx_word' id='word_1_218' title='bbox 2814 2916 3138 2984; x_wconf 73' lang='lat' dir='ltr'><strong>paryanke‘i-</strong></span> 
     </span>
     <span class='ocr_line' id='line_1_24' title="bbox 890 2999 3209 3076; baseline 0.003 -22"><span class='ocrx_word' id='word_1_219' title='bbox 890 3002 1089 3054; x_wconf 73' lang='lat' dir='ltr'><strong>rohano</strong></span> <span class='ocrx_word' id='word_1_220' title='bbox 1136 3001 1269 3054; x_wconf 90' lang='lat' dir='ltr'><strong>item</strong></span> <span class='ocrx_word' id='word_1_221' title='bbox 1315 2999 1608 3054; x_wconf 83' lang='lat' dir='ltr'><strong>ceremonia</strong></span> <span class='ocrx_word' id='word_1_222' title='bbox 1655 2999 1905 3069; x_wconf 87' lang='lat' dir='ltr'><strong>legimus:</strong></span> <span class='ocrx_word' id='word_1_223' title='bbox 1956 3042 1985 3063; x_wconf 91' lang='lat'><strong>„</strong></span> <span class='ocrx_word' id='word_1_224' title='bbox 1999 3001 2565 3070; x_wconf 68' lang='lat' dir='ltr'><strong>svasvdcdraprdptam</strong></span> <span class='ocrx_word' id='word_1_225' title='bbox 2614 3004 2845 3073; x_wconf 66' lang='lat' dir='ltr'><strong>cci’nyad</strong></span> <span class='ocrx_word' id='word_1_226' title='bbox 2892 3008 2990 3076; x_wconf 79' lang='lat' dir='ltr'><strong>api</strong></span> <span class='ocrx_word' id='word_1_227' title='bbox 3036 3010 3139 3063; x_wconf 68' lang='lat' dir='ltr'><strong>ka*-</strong></span> <span class='ocrx_word' id='word_1_228' title='bbox 3200 3000 3209 3007; x_wconf 66' lang='grc'><em>’</em></span> 
     </span>
     <span class='ocr_line' id='line_1_25' title="bbox 889 3084 3139 3166; baseline 0.004 -21"><span class='ocrx_word' id='word_1_229' title='bbox 889 3094 1072 3161; x_wconf 75' lang='lat' dir='ltr'><strong>ryam&#39;&#39;</strong></span> <span class='ocrx_word' id='word_1_230' title='bbox 1123 3095 1179 3145; x_wconf 87' lang='lat' dir='ltr'><strong>et</strong></span> <span class='ocrx_word' id='word_1_231' title='bbox 1223 3090 1481 3157; x_wconf 81' lang='lat' dir='ltr'><strong>imprimis</strong></span> <span class='ocrx_word' id='word_1_232' title='bbox 1526 3084 2134 3161; x_wconf 66' lang='lat' dir='ltr'><strong>Xpastambiyaprayoga</strong></span> <span class='ocrx_word' id='word_1_233' title='bbox 2165 3122 2234 3131; x_wconf 93' lang='lat'><strong>—-</strong></span> <span class='ocrx_word' id='word_1_234' title='bbox 2263 3092 2327 3145; x_wconf 91' lang='lat' dir='ltr'><strong>de</strong></span> <span class='ocrx_word' id='word_1_235' title='bbox 2361 3109 2466 3161; x_wconf 89' lang='lat' dir='ltr'><strong>quo</strong></span> <span class='ocrx_word' id='word_1_236' title='bbox 2498 3093 2635 3148; x_wconf 90' lang='lat' dir='ltr'><strong>libro</strong></span> <span class='ocrx_word' id='word_1_237' title='bbox 2669 3110 2824 3149; x_wconf 91' lang='lat' dir='ltr'><strong>mscr.</strong></span> <span class='ocrx_word' id='word_1_238' title='bbox 2848 3096 3001 3166; x_wconf 83' lang='lat' dir='ltr'><strong>plura</strong></span> <span class='ocrx_word' id='word_1_239' title='bbox 3030 3098 3139 3155; x_wconf 83' lang='lat' dir='ltr'><strong>vid.</strong></span> 
     </span>
     <span class='ocr_line' id='line_1_26' title="bbox 893 3182 3140 3259; baseline 0.003 -24"><span class='ocrx_word' id='word_1_240' title='bbox 893 3183 1026 3235; x_wconf 75' lang='lat' dir='ltr'><strong>infra</strong></span> <span class='ocrx_word' id='word_1_241' title='bbox 1073 3214 1138 3221; x_wconf 97' lang='lat'>—</span> <span class='ocrx_word' id='word_1_242' title='bbox 1187 3198 1303 3251; x_wconf 81' lang='lat' dir='ltr'><strong>pag.</strong></span> <span class='ocrx_word' id='word_1_243' title='bbox 1354 3184 1377 3235; x_wconf 94' lang='lat'>1</span> <span class='ocrx_word' id='word_1_244' title='bbox 1415 3196 1521 3251; x_wconf 81' lang='lat' dir='ltr'><strong>reg.</strong></span> <span class='ocrx_word' id='word_1_245' title='bbox 1560 3183 1618 3235; x_wconf 83' lang='lat'><strong>6:</strong></span> <span class='ocrx_word' id='word_1_246' title='bbox 1654 3182 3140 3259; x_wconf 67' lang='lat' dir='ltr'><strong>,,vicishtacisktdcciv-dnumitavedamiitrapramc&#39;inakdny</strong></span> 
     </span>
     <span class='ocr_line' id='line_1_27' title="bbox 894 3271 3141 3344; baseline 0.004 -19"><span class='ocrx_word' id='word_1_247' title='bbox 894 3274 1229 3344; x_wconf 69' lang='lat' dir='ltr'><strong>aupcisanqm</strong></span> <span class='ocrx_word' id='word_1_248' title='bbox 1257 3271 1612 3337; x_wconf 69' lang='lat' dir='ltr'><strong>vaicvadevah</strong></span> <span class='ocrx_word' id='word_1_249' title='bbox 1634 3271 1935 3340; x_wconf 70' lang='lat' dir='ltr'><strong>pdrvanam</strong></span> <span class='ocrx_word' id='word_1_250' title='bbox 1954 3272 2182 3325; x_wconf 67' lang='lat' dir='ltr'><strong>ashtakd</strong></span> <span class='ocrx_word' id='word_1_251' title='bbox 2200 3272 2491 3336; x_wconf 66' lang='lat' dir='ltr'><strong>crdddlaam</strong></span> <span class='ocrx_word' id='word_1_252' title='bbox 2512 3275 2815 3343; x_wconf 82' lang='lat' dir='ltr'><strong>sarpabalir</strong></span> <span class='ocrx_word' id='word_1_253' title='bbox 2831 3276 3141 3341; x_wconf 72' lang='lat' dir='ltr'><strong>iccinabalir</strong></span> 
     </span>
     <span class='ocr_line' id='line_1_28' title="bbox 892 3362 3139 3439; baseline 0.004 -22"><span class='ocrx_word' id='word_1_254' title='bbox 892 3364 957 3417; x_wconf 78' lang='lat' dir='ltr'><strong>iti</strong></span> <span class='ocrx_word' id='word_1_255' title='bbox 1004 3373 1162 3432; x_wconf 68' lang='lat' dir='ltr'><strong>sapia</strong></span> <span class='ocrx_word' id='word_1_256' title='bbox 1191 3362 1972 3433; x_wconf 50' lang='lat' dir='ltr'><strong>pdkayajnacabdavdkyeini?</strong></span> <span class='ocrx_word' id='word_1_257' title='bbox 2021 3362 2109 3416; x_wconf 88' lang='lat' dir='ltr'><strong>hic</strong></span> <span class='ocrx_word' id='word_1_258' title='bbox 2152 3362 2291 3415; x_wconf 89' lang='lat' dir='ltr'><strong>enim</strong></span> <span class='ocrx_word' id='word_1_259' title='bbox 2339 3362 2403 3417; x_wconf 90' lang='lat' dir='ltr'><strong>de</strong></span> <span class='ocrx_word' id='word_1_260' title='bbox 2450 3378 2511 3417; x_wconf 88' lang='lat' dir='ltr'><strong>eo</strong></span> <span class='ocrx_word' id='word_1_261' title='bbox 2553 3364 2731 3434; x_wconf 85' lang='lat' dir='ltr'><strong>agitur</strong></span> <span class='ocrx_word' id='word_1_262' title='bbox 2772 3367 2941 3434; x_wconf 66' lang='lat' dir='ltr'><strong>ficare,</strong></span> <span class='ocrx_word' id='word_1_263' title='bbox 2975 3386 3139 3439; x_wconf 88' lang='lat' dir='ltr'><strong>quem</strong></span> 
     </span>
     <span class='ocr_line' id='line_1_29' title="bbox 894 3452 3137 3529; baseline 0.004 -23"><span class='ocrx_word' id='word_1_264' title='bbox 894 3453 1131 3508; x_wconf 87' lang='lat' dir='ltr'><strong>homines</strong></span> <span class='ocrx_word' id='word_1_265' title='bbox 1174 3456 1464 3522; x_wconf 88' lang='lat' dir='ltr'><strong>sequuntur</strong></span> <span class='ocrx_word' id='word_1_266' title='bbox 1510 3469 1597 3507; x_wconf 87' lang='lat' dir='ltr'><strong>eas</strong></span> <span class='ocrx_word' id='word_1_267' title='bbox 1645 3452 1901 3520; x_wconf 88' lang='lat' dir='ltr'><strong>patrando</strong></span> <span class='ocrx_word' id='word_1_268' title='bbox 1943 3453 2277 3516; x_wconf 86' lang='lat' dir='ltr'><strong>ceremonias,</strong></span> <span class='ocrx_word' id='word_1_269' title='bbox 2316 3470 2446 3522; x_wconf 88' lang='lat' dir='ltr'><strong>quae</strong></span> <span class='ocrx_word' id='word_1_270' title='bbox 2478 3454 2536 3508; x_wconf 90' lang='lat' dir='ltr'><strong>in</strong></span> <span class='ocrx_word' id='word_1_271' title='bbox 2570 3456 2755 3526; x_wconf 74' lang='lat' dir='ltr'><strong>grhyis</strong></span> <span class='ocrx_word' id='word_1_272' title='bbox 2789 3458 3137 3529; x_wconf 86' lang='lat' dir='ltr'><strong>explicantur,</strong></span> 
     </span>
     <span class='ocr_line' id='line_1_30' title="bbox 892 3542 3139 3619; baseline 0.004 -21"><span class='ocrx_word' id='word_1_273' title='bbox 892 3560 961 3598; x_wconf 89' lang='lat' dir='ltr'><strong>sc.</strong></span> <span class='ocrx_word' id='word_1_274' title='bbox 1004 3544 1333 3613; x_wconf 71' lang='lat' dir='ltr'><strong>pakayajfios.</strong></span> <span class='ocrx_word' id='word_1_275' title='bbox 1369 3542 1518 3609; x_wconf 82' lang='lat' dir='ltr'><strong>Quod</strong></span> <span class='ocrx_word' id='word_1_276' title='bbox 1553 3544 1757 3597; x_wconf 88' lang='lat' dir='ltr'><strong>rectum</strong></span> <span class='ocrx_word' id='word_1_277' title='bbox 1792 3558 1905 3596; x_wconf 87' lang='lat' dir='ltr'><strong>esse</strong></span> <span class='ocrx_word' id='word_1_278' title='bbox 1942 3545 1998 3597; x_wconf 90' lang='lat' dir='ltr'><strong>et</strong></span> <span class='ocrx_word' id='word_1_279' title='bbox 2026 3542 2147 3596; x_wconf 88' lang='lat' dir='ltr'><strong>inde</strong></span> <span class='ocrx_word' id='word_1_280' title='bbox 2180 3546 2413 3611; x_wconf 88' lang='lat' dir='ltr'><strong>apparet,</strong></span> <span class='ocrx_word' id='word_1_281' title='bbox 2447 3544 2584 3613; x_wconf 89' lang='lat' dir='ltr'><strong>quod</strong></span> <span class='ocrx_word' id='word_1_282' title='bbox 2617 3546 3139 3619; x_wconf 71' lang='lat' dir='ltr'><strong>dharmacastrorum</strong></span> 
     </span>
     <span class='ocr_line' id='line_1_31' title="bbox 890 3632 3137 3709; baseline 0.004 -20"><span class='ocrx_word' id='word_1_283' title='bbox 890 3636 1171 3704; x_wconf 87' lang='lat' dir='ltr'><strong>scriptores</strong></span> <span class='ocrx_word' id='word_1_284' title='bbox 1213 3650 1547 3704; x_wconf 89' lang='lat' dir='ltr'><strong>quaecunque</strong></span> <span class='ocrx_word' id='word_1_285' title='bbox 1589 3634 1699 3687; x_wconf 81' lang='lat' dir='ltr'><strong>fere</strong></span> <span class='ocrx_word' id='word_1_286' title='bbox 1744 3634 1801 3687; x_wconf 91' lang='lat' dir='ltr'><strong>in</strong></span> <span class='ocrx_word' id='word_1_287' title='bbox 1848 3634 2044 3703; x_wconf 63' lang='lat' dir='ltr'><strong>orantis</strong></span> <span class='ocrx_word' id='word_1_288' title='bbox 2090 3636 2146 3687; x_wconf 90' lang='lat' dir='ltr'><strong>et</strong></span> <span class='ocrx_word' id='word_1_289' title='bbox 2178 3632 2361 3703; x_wconf 79' lang='lat' dir='ltr'><strong>grhyis</strong></span> <span class='ocrx_word' id='word_1_290' title='bbox 2402 3634 2784 3703; x_wconf 89' lang='lat' dir='ltr'><strong>describuntur,</strong></span> <span class='ocrx_word' id='word_1_291' title='bbox 2816 3648 3137 3709; x_wconf 86' lang='lat' dir='ltr'><strong>memorant,</strong></span> 
     </span>
     <span class='ocr_line' id='line_1_32' title="bbox 890 3720 3185 3802; baseline 0.004 -23"><span class='ocrx_word' id='word_1_292' title='bbox 890 3724 981 3779; x_wconf 88' lang='lat' dir='ltr'><strong>sed</strong></span> <span class='ocrx_word' id='word_1_293' title='bbox 1026 3726 1103 3778; x_wconf 84' lang='lat' dir='ltr'><strong>ita</strong></span> <span class='ocrx_word' id='word_1_294' title='bbox 1145 3728 1454 3788; x_wconf 88' lang='lat' dir='ltr'><strong>memorant,</strong></span> <span class='ocrx_word' id='word_1_295' title='bbox 1499 3726 1562 3778; x_wconf 89' lang='lat' dir='ltr'><strong>ut</strong></span> <span class='ocrx_word' id='word_1_296' title='bbox 1607 3723 1864 3778; x_wconf 87' lang='lat' dir='ltr'><strong>sacrificia</strong></span> <span class='ocrx_word' id='word_1_297' title='bbox 1898 3727 1953 3777; x_wconf 93' lang='lat' dir='ltr'><strong>et</strong></span> <span class='ocrx_word' id='word_1_298' title='bbox 1988 3720 2306 3778; x_wconf 86' lang='lat' dir='ltr'><strong>ceremonias</strong></span> <span class='ocrx_word' id='word_1_299' title='bbox 2338 3724 2569 3790; x_wconf 87' lang='lat' dir='ltr'><strong>iubeant,</strong></span> <span class='ocrx_word' id='word_1_300' title='bbox 2609 3727 2776 3783; x_wconf 89' lang='lat' dir='ltr'><strong>ritum</strong></span> <span class='ocrx_word' id='word_1_301' title='bbox 2813 3746 2937 3785; x_wconf 83' lang='lat' dir='ltr'><strong>vero</strong></span> <span class='ocrx_word' id='word_1_302' title='bbox 2976 3748 3140 3802; x_wconf 84' lang='lat' dir='ltr'><strong>expo·</strong></span> <span class='ocrx_word' id='word_1_303' title='bbox 3172 3782 3185 3787; x_wconf 90' lang='lat'><strong>-</strong></span> 
     </span>
     <span class='ocr_line' id='line_1_33' title="bbox 888 3812 3139 3884; baseline 0.004 -15"><span class='ocrx_word' id='word_1_304' title='bbox 888 3830 1012 3869; x_wconf 87' lang='lat' dir='ltr'><strong>nere</strong></span> <span class='ocrx_word' id='word_1_305' title='bbox 1031 3815 1226 3884; x_wconf 79' lang='lat' dir='ltr'><strong>crautis</strong></span> <span class='ocrx_word' id='word_1_306' title='bbox 1242 3818 1299 3868; x_wconf 90' lang='lat' dir='ltr'><strong>et</strong></span> <span class='ocrx_word' id='word_1_307' title='bbox 1314 3814 1497 3884; x_wconf 85' lang='lat' dir='ltr'><strong>grhyis</strong></span> <span class='ocrx_word' id='word_1_308' title='bbox 1515 3816 1785 3883; x_wconf 86' lang='lat' dir='ltr'><strong>tamquam</strong></span> <span class='ocrx_word' id='word_1_309' title='bbox 1802 3829 1925 3867; x_wconf 86' lang='lat' dir='ltr'><strong>suae</strong></span> <span class='ocrx_word' id='word_1_310' title='bbox 1943 3813 2238 3882; x_wconf 81' lang='lat' dir='ltr'><strong>provinciae</strong></span> <span class='ocrx_word' id='word_1_311' title='bbox 2256 3812 2570 3883; x_wconf 87' lang='lat' dir='ltr'><strong>relinquant.</strong></span> <span class='ocrx_word' id='word_1_312' title='bbox 2588 3815 2783 3872; x_wconf 84' lang='lat' dir='ltr'><strong>Totum</strong></span> <span class='ocrx_word' id='word_1_313' title='bbox 2801 3819 2941 3874; x_wconf 89' lang='lat' dir='ltr'><strong>hunc</strong></span> <span class='ocrx_word' id='word_1_314' title='bbox 2958 3820 3139 3879; x_wconf 88' lang='lat' dir='ltr'><strong>locum</strong></span> 
     </span>
     <span class='ocr_line' id='line_1_34' title="bbox 888 3902 3142 3975; baseline 0.004 -16"><span class='ocrx_word' id='word_1_315' title='bbox 888 3906 1176 3960; x_wconf 82' lang='lat' dir='ltr'><strong>illustravit</strong></span> <span class='ocrx_word' id='word_1_316' title='bbox 1229 3904 1469 3959; x_wconf 87' lang='lat' dir='ltr'><strong>Stenzler</strong></span> <span class='ocrx_word' id='word_1_317' title='bbox 1513 3905 1786 3969; x_wconf 87' lang='lat' dir='ltr'><strong>(Zeitschr.</strong></span> <span class='ocrx_word' id='word_1_318' title='bbox 1831 3903 1931 3958; x_wconf 89' lang='lat' dir='ltr'><strong>d.d.</strong></span> <span class='ocrx_word' id='word_1_319' title='bbox 1976 3902 2143 3973; x_wconf 84' lang='lat' dir='ltr'><strong>Morg.</strong></span> <span class='ocrx_word' id='word_1_320' title='bbox 2180 3903 2299 3958; x_wconf 90' lang='lat' dir='ltr'><strong>Ges.</strong></span> <span class='ocrx_word' id='word_1_321' title='bbox 2337 3903 2460 3968; x_wconf 87' lang='lat' dir='ltr'><strong>VH,</strong></span> <span class='ocrx_word' id='word_1_322' title='bbox 2500 3922 2618 3975; x_wconf 86' lang='lat' dir='ltr'><strong>pag.</strong></span> <span class='ocrx_word' id='word_1_323' title='bbox 2652 3908 2775 3975; x_wconf 84' lang='lat'>528)</span> <span class='ocrx_word' id='word_1_324' title='bbox 2806 3910 2892 3965; x_wconf 89' lang='lat' dir='ltr'><strong>his</strong></span> <span class='ocrx_word' id='word_1_325' title='bbox 2928 3910 3142 3970; x_wconf 85' lang='lat' dir='ltr'><strong>verbis:</strong></span> 
     </span>
     <span class='ocr_line' id='line_1_35' title="bbox 887 3995 3148 4067; baseline 0.004 -15"><span class='ocrx_word' id='word_1_326' title='bbox 887 3999 1063 4061; x_wconf 85' lang='lat' dir='ltr'><strong>„Fast</strong></span> <span class='ocrx_word' id='word_1_327' title='bbox 1111 3998 1212 4052; x_wconf 89' lang='lat' dir='ltr'><strong>alle</strong></span> <span class='ocrx_word' id='word_1_328' title='bbox 1228 3998 1285 4052; x_wconf 91' lang='lat' dir='ltr'><strong>in</strong></span> <span class='ocrx_word' id='word_1_329' title='bbox 1319 3998 1420 4051; x_wconf 90' lang='lat' dir='ltr'><strong>den</strong></span> <span class='ocrx_word' id='word_1_330' title='bbox 1456 3997 1825 4067; x_wconf 73' lang='lat' dir='ltr'><strong>Grhya-Sfitra</strong></span> <span class='ocrx_word' id='word_1_331' title='bbox 1863 3995 2266 4051; x_wconf 89' lang='lat' dir='ltr'><strong>beschriebenen</strong></span> <span class='ocrx_word' id='word_1_332' title='bbox 2307 3995 2629 4062; x_wconf 71' lang='lat' dir='ltr'><strong>Gebra‘iuche,</strong></span> <span class='ocrx_word' id='word_1_333' title='bbox 2670 4001 2867 4057; x_wconf 90' lang='lat' dir='ltr'><strong>welche</strong></span> <span class='ocrx_word' id='word_1_334' title='bbox 2898 4004 3014 4059; x_wconf 89' lang='lat' dir='ltr'><strong>sich</strong></span> <span class='ocrx_word' id='word_1_335' title='bbox 3044 4009 3148 4062; x_wconf 83' lang='lat' dir='ltr'><strong>auf</strong></span> 
     </span>
     <span class='ocr_line' id='line_1_36' title="bbox 887 4085 3142 4165; baseline 0.004 -23"><span class='ocrx_word' id='word_1_336' title='bbox 887 4089 980 4143; x_wconf 83' lang='lat' dir='ltr'><strong>das</strong></span> <span class='ocrx_word' id='word_1_337' title='bbox 1008 4087 1420 4142; x_wconf 88' lang='lat' dir='ltr'><strong>Familienleben</strong></span> <span class='ocrx_word' id='word_1_338' title='bbox 1453 4087 1559 4141; x_wconf 86' lang='lat' dir='ltr'><strong>und</strong></span> <span class='ocrx_word' id='word_1_339' title='bbox 1599 4086 1686 4141; x_wconf 91' lang='lat' dir='ltr'><strong>die</strong></span> <span class='ocrx_word' id='word_1_340' title='bbox 1720 4086 2132 4155; x_wconf 70' lang='lat' dir='ltr'><strong>kastenmassige</strong></span> <span class='ocrx_word' id='word_1_341' title='bbox 2166 4085 2464 4155; x_wconf 84' lang='lat' dir='ltr'><strong>Erziehung</strong></span> <span class='ocrx_word' id='word_1_342' title='bbox 2499 4087 2593 4141; x_wconf 89' lang='lat' dir='ltr'><strong>der</strong></span> <span class='ocrx_word' id='word_1_343' title='bbox 2623 4089 2826 4145; x_wconf 88' lang='lat' dir='ltr'><strong>Kinder</strong></span> <span class='ocrx_word' id='word_1_344' title='bbox 2864 4093 3142 4165; x_wconf 87' lang='lat' dir='ltr'><strong>beziehen,</strong></span> 
     </span>
     <span class='ocr_line' id='line_1_37' title="bbox 890 4176 3146 4255; baseline 0.004 -22"><span class='ocrx_word' id='word_1_345' title='bbox 890 4179 1097 4233; x_wconf 89' lang='lat' dir='ltr'><strong>werden</strong></span> <span class='ocrx_word' id='word_1_346' title='bbox 1137 4178 1271 4232; x_wconf 89' lang='lat' dir='ltr'><strong>auch</strong></span> <span class='ocrx_word' id='word_1_347' title='bbox 1315 4178 1370 4233; x_wconf 91' lang='lat' dir='ltr'><strong>in</strong></span> <span class='ocrx_word' id='word_1_348' title='bbox 1418 4178 1750 4247; x_wconf 79' lang='lat' dir='ltr'><strong>demJ&#39;enigen</strong></span> <span class='ocrx_word' id='word_1_349' title='bbox 1798 4177 1980 4231; x_wconf 83' lang='lat' dir='ltr'><strong>Theile</strong></span> <span class='ocrx_word' id='word_1_350' title='bbox 2025 4177 2118 4231; x_wconf 88' lang='lat' dir='ltr'><strong>der</strong></span> <span class='ocrx_word' id='word_1_351' title='bbox 2150 4176 2579 4255; x_wconf 68' lang='lat' dir='ltr'><strong>Dharma-castra</strong></span> <span class='ocrx_word' id='word_1_352' title='bbox 2618 4182 2870 4248; x_wconf 69' lang='lat' dir='ltr'><strong>erwahnt‚</strong></span> <span class='ocrx_word' id='word_1_353' title='bbox 2910 4186 3146 4244; x_wconf 88' lang='lat' dir='ltr'><strong>welcher</strong></span> 
     </span>
     <span class='ocr_line' id='line_1_38' title="bbox 889 4266 3144 4336; baseline 0.004 -15"><span class='ocrx_word' id='word_1_354' title='bbox 889 4286 991 4322; x_wconf 81' lang='lat' dir='ltr'><strong>von</strong></span> <span class='ocrx_word' id='word_1_355' title='bbox 1035 4269 1129 4322; x_wconf 90' lang='lat' dir='ltr'><strong>der</strong></span> <span class='ocrx_word' id='word_1_356' title='bbox 1175 4269 1314 4323; x_wconf 79' lang='lat' dir='ltr'><strong>Sitte</strong></span> <span class='ocrx_word' id='word_1_357' title='bbox 1363 4269 1578 4336; x_wconf 73' lang='grc' dir='ltr'>(ἃσᾶνα)</span> <span class='ocrx_word' id='word_1_358' title='bbox 1610 4266 1829 4321; x_wconf 82' lang='lat' dir='ltr'><strong>handelt</strong></span> <span class='ocrx_word' id='word_1_359' title='bbox 1848 4306 2193 4322; x_wconf 90' lang='grc'><strong>...........</strong></span> <span class='ocrx_word' id='word_1_360' title='bbox 2232 4267 2347 4320; x_wconf 91' lang='lat' dir='ltr'><strong>Von</strong></span> <span class='ocrx_word' id='word_1_361' title='bbox 2382 4268 2521 4321; x_wconf 88' lang='lat' dir='ltr'><strong>allen</strong></span> <span class='ocrx_word' id='word_1_362' title='bbox 2552 4268 2654 4322; x_wconf 89' lang='lat' dir='ltr'><strong>den</strong></span> <span class='ocrx_word' id='word_1_363' title='bbox 2689 4273 2994 4329; x_wconf 68' lang='lat' dir='ltr'><strong>erwlihnten</strong></span> <span class='ocrx_word' id='word_1_364' title='bbox 3032 4278 3144 4333; x_wconf 86' lang='lat' dir='ltr'><strong>Ge-</strong></span> 
     </span>
     <span class='ocr_line' id='line_1_39' title="bbox 889 4358 3142 4437; baseline 0.004 -24"><span class='ocrx_word' id='word_1_365' title='bbox 889 4360 1150 4429; x_wconf 68' lang='lat' dir='ltr'><strong>brauchen</strong></span> <span class='ocrx_word' id='word_1_366' title='bbox 1188 4363 1308 4428; x_wconf 85' lang='lat' dir='ltr'><strong>sagt</strong></span> <span class='ocrx_word' id='word_1_367' title='bbox 1339 4359 1432 4413; x_wconf 85' lang='lat' dir='ltr'><strong>das</strong></span> <span class='ocrx_word' id='word_1_368' title='bbox 1467 4358 1872 4427; x_wconf 70' lang='lat' dir='ltr'><strong>Dharmacastra</strong></span> <span class='ocrx_word' id='word_1_369' title='bbox 1907 4358 2094 4411; x_wconf 86' lang='lat' dir='ltr'><strong>immer</strong></span> <span class='ocrx_word' id='word_1_370' title='bbox 2126 4372 2237 4421; x_wconf 87' lang='lat' dir='ltr'><strong>nur,</strong></span> <span class='ocrx_word' id='word_1_371' title='bbox 2268 4374 2332 4410; x_wconf 89' lang='lat' dir='ltr'><strong>zu</strong></span> <span class='ocrx_word' id='word_1_372' title='bbox 2364 4358 2587 4412; x_wconf 91' lang='lat' dir='ltr'><strong>welcher</strong></span> <span class='ocrx_word' id='word_1_373' title='bbox 2616 4360 2734 4414; x_wconf 90' lang='lat' dir='ltr'><strong>Zeit</strong></span> <span class='ocrx_word' id='word_1_374' title='bbox 2764 4362 2841 4417; x_wconf 89' lang='lat' dir='ltr'><strong>sie</strong></span> <span class='ocrx_word' id='word_1_375' title='bbox 2861 4366 3142 4437; x_wconf 85' lang='lat' dir='ltr'><strong>vollzogen</strong></span> 
     </span>
     <span class='ocr_line' id='line_1_40' title="bbox 889 4447 3145 4525; baseline 0.003 -20"><span class='ocrx_word' id='word_1_376' title='bbox 889 4451 1092 4505; x_wconf 83' lang='lat' dir='ltr'><strong>werden</strong></span> <span class='ocrx_word' id='word_1_377' title='bbox 1142 4451 1321 4515; x_wconf 86' lang='lat' dir='ltr'><strong>sollen,</strong></span> <span class='ocrx_word' id='word_1_378' title='bbox 1372 4450 1477 4504; x_wconf 90' lang='lat' dir='ltr'><strong>und</strong></span> <span class='ocrx_word' id='word_1_379' title='bbox 1519 4451 1763 4505; x_wconf 81' lang='lat' dir='ltr'><strong>verweist</strong></span> <span class='ocrx_word' id='word_1_380' title='bbox 1808 4447 2181 4502; x_wconf 79' lang='lat' dir='ltr'><strong>riicksichtlich</strong></span> <span class='ocrx_word' id='word_1_381' title='bbox 2230 4448 2324 4501; x_wconf 90' lang='lat' dir='ltr'><strong>der</strong></span> <span class='ocrx_word' id='word_1_382' title='bbox 2373 4449 2475 4502; x_wconf 87' lang='lat' dir='ltr'><strong>Art</strong></span> <span class='ocrx_word' id='word_1_383' title='bbox 2517 4449 2610 4503; x_wconf 89' lang='lat' dir='ltr'><strong>der</strong></span> <span class='ocrx_word' id='word_1_384' title='bbox 2654 4451 3002 4525; x_wconf 86' lang='lat' dir='ltr'><strong>Vollziehung</strong></span> <span class='ocrx_word' id='word_1_385' title='bbox 3038 4462 3145 4514; x_wconf 82' lang='lat' dir='ltr'><strong>auf</strong></span> 
     </span>
    </p>
   </div>
  </div>
 </body>
</html>
