3325 5200
1630 596 1710 656 90

543 804 974 890 longaevus”‚
1016 810 1136 869 cet.
1180 804 1413 870 deinde
1458 806 1528 867 in
1566 806 1898 868 sinistram
1945 805 2110 869 duos
2147 804 2446 869 versus”.
2483 804 2784 886 Quorum

544 933 865 1016 priorem:
914 930 1233 1014 „longam
1272 931 1483 994 vitam
1522 931 1643 995 tibi
1682 949 1949 1014 prorsus
1983 931 2233 994 tribuat
2271 930 2478 1014 Agnis
2517 931 2622 995 bic
2653 931 2788 995 exi·

544 1058 738 1134 mins,
770 1061 945 1120 retro
982 1056 1106 1120 tibi
1130 1056 1352 1120 redeat
1375 1057 1663 1138 spiritus,
1691 1057 1997 1121 morbum
2025 1062 2154 1120 ate
2175 1056 2380 1140 fugo’'
2403 1057 2477 1119 in
2494 1057 2788 1140 jetakar·

544 1201 741 1245 mane
786 1182 997 1244 inesse
1038 1201 1173 1245 non
1212 1182 1590 1263 oportebat3
1630 1183 2054 1246 manifestum
2087 1183 2289 1260 enim,
2315 1183 2554 1266 siquid
2577 1184 2786 1261 video,

542 1312 885 1391 aegrotum
924 1325 1003 1372 eo
1040 1308 1388 1386 incantari,
1428 1308 1712 1371 minime
1752 1309 1960 1372 vitam
2001 1314 2067 1373 et
2104 1310 2408 1372 animum
2443 1307 2585 1372 dari
2607 1313 2786 1372 nato.

544 1433 826 1497 ATaitt.
851 1433 1014 1496 Ved.
1034 1432 1088 1511 Ι,
1114 1433 1175 1511 3,
1204 1433 1287 1495 14
1336 1433 1451 1496 ubi
1489 1435 1688 1498 ambo
1734 1433 2065 1517 leguntur,
2113 1435 2416 1517 undeque
2458 1435 2662 1518 igitur
2683 1435 2788 1498 de·

546 1560 791 1642 sumpti
852 1577 989 1623 esse
1049 1559 1360 1623 videntur
1418 1561 1645 1638 nostri,
1697 1559 1912 1624 Schol.
1960 1560 2325 1625 Miidhavus
2370 1561 2546 1624 hunc
2589 1562 2790 1624 inter·

546 1691 842 1770 pretatur
884 1690 959 1749 ut
1003 1685 1117 1748 sit:
1164 1685 1570 1768 apamrtyund
1598 1683 1802 1764 91·λῖιο
1845 1685 1930 1767 ’pi
1973 1691 2032 1748 te
2058 1686 2269 1769 prc'z‘na
2317 1735 2554 1751 .......
2601 1685 2788 1770 dyati.

547 1811 907 1893 „quamvis
965 1811 1184 1873 subita
1244 1815 1455 1873 morte
1518 1816 1814 1892 correpto
1874 1811 2141 1893 spiritus
2203 1811 2480 1895 (anima)
2526 1811 2651 1875 tibi
2693 1830 2790 1874 re-

548 1935 771 2002 deat'’.
830 1937 1079 2000 Vocem
1133 1936 1431 2016 pardsuva
1494 1936 1663 1999 verti
1718 1935 2143 2019 ·„fugs,ndo”.
2183 1937 2300 2000 Est
2343 1937 2522 1999 enim
2567 1935 2794 2000 suvdmi

540 2063 723 2126 ‘idem
774 2067 971 2143 atque
1022 2058 1185 2139 σεύω,
1234 2061 1467 2143 ¹itaque
1517 2059 1901 2147 pardsuvdmi
1961 2061 2200 2142 (Schol.
2247 2061 2634 2146 rz'ndqaydmi)
2707 2045 2800 2121 --·.-⁴
2873 2128 2878 2133 ,

550 2185 836 2266 aimo-edm,
904 2192 968 2250 et
1032 2187 1295 2250 dsuva‘mi
1355 2187 1699 2269 respondet
1753 2185 1836 2266 τῷ
1883 2185 2143 2266 §mo-erico,
2191 2207 2422 2251 verum
2469 2208 2603 2251 non
2651 2194 2790 2252 tan·

552 2319 694 2377 tum
748 2314 820 2378 in
873 2313 1144 2390 malam,
1197 2314 1398 2376 etiam
1455 2313 1525 2374 in
1579 2313 1824 2376 bonam
1882 2319 2234 2396 usurpatur
2279 2319 2557 2396 partem.
2603 2313 2792 2394 Quae

552 2438 920 2502 luculenter
1000 2439 1477 2502 confirmantur
1558 2457 1751 2501 versu
1819 2437 2080 2522 gaystri
2154 2444 2364 2502 metro
2432 2439 2792 2521 composito

552 2564 715 2629 TBr.
742 2563 829 2629 ΙΙ.
858 2564 918 2640 4,
946 2565 1017 2626 6:
1059 2561 1293 2645 viqva'ni
1312 2565 1457 2627 deva
1484 2561 1730 2627 Savitar
1750 2563 2022 2627 duritdm'·
2037 2563 2338 2645 pardsuw
2353 2552 2482 2648 yad
2497 2565 2791 2628 bhadram

554 2698 657 2753 tan
685 2690 1004 2767 madsuva,
1045 2708 1299 2766 „omne
1344 2689 1519 2771 quod
1566 2690 2005 2771 perniciosum
2053 2694 2148 2752 est
2188 2690 2372 2765 mihi,
2417 2689 2727 2772 propelle,
2753 2710 2792 2753 ο

552 2816 713 2879 deus
772 2815 1052 2892 Savitar,
1116 2816 1407 2879 faustum
1468 2815 1636 2877 mihi
1702 2815 1989 2879 studiose
2049 2814 2279 2879 affer’'.
2323 2851 2412 2861 -
2457 2815 2556 2877 De
2597 2834 2795 2878 versu

554 2943 761 3005 altero
804 2942 997 3027 plura
1060 2940 1449 3003 disseremus
1513 2940 1706 3003 infra.
1768 2941 1896 3004 Hic
1941 2940 2214 3004 sufficiat
2260 2940 2469 3023 magis
2524 2939 2604 3002 ad
2651 2959 2794 3003 nos-

556 3074 729 3137 trum
778 3069 1263 3131 sacramentum
1310 3065 1636 3149 pertinere
1683 3066 1850 3129 mihi
1897 3066 2106 3129 videri
2135 3066 2327 3144 hunc,
2351 3084 2551 3147 quam
2577 3065 2793 3129 illum.

644 3195 702 3259 ὦ.
751 3192 1059 3277 [japitvd]
1122 3190 1245 3254 ’tha
1306 3192 1948 3275 dadkimadkuthtam
2015 3192 2448 3275 samudaffqutya
2495 3197 2663 3255 tatra
2706 3191 2795 3254 hi-

552 3338 819 3401 ranyam
880 3316 1085 3380 hinad
1137 3316 1459 3400 niylorshya
1517 3316 1952 3399 kiranyenaioa
2015 3318 2126 3379 tad
2173 3313 2428 3397 quc'tvd'
2479 3290 2792 3379 kuffci'mnl

538 3443 865 3527 prdpayati
899 3450 1141 3524 „pran
1176 3440 1452 3505 rakshati
1488 3442 1713 3522 vipvam
1747 3440 1933 3525 ejaffi’
1973 3441 2064 3525 icy
2099 3442 2449 3505 anuvdhena
2471 3444 2796 3522 day-arcena

536 3560 908 3655 pratyrcdm,
951 3569 996 3632 i.
1032 3587 1087 3632 e.
1129 3615 1168 3645 „
1182 3573 1326 3631 tum
1373 3568 1477 3630 lac
1523 3567 1807 3646 acidum,
1849 3567 2002 3646 mel,
2026 3568 2342 3649 butyrum
2366 3566 2794 3651 liquefactum

541 3700 901 3779 ‚postquam
940 3693 1414 3777 permiscuerit,
1454 3694 1525 3757 in
1568 3694 1651 3756 iis
1689 3695 1838 3757 auri
1876 3694 2130 3777 aliquid
2168 3694 2487 3759 abraserit
2525 3694 2796 3778 [pulvis-

556 3820 738 3885 culos
795 3818 1023 3903 igitur]
1088 3816 1227 3901 ipso
1278 3818 1590 3902 [reliquo]
1640 3838 1804 3882 auro
1849 3820 2072 3884 cibum
2119 3820 2205 3882 ad
2248 3838 2528 3902 puerum
2573 3819 2797 3883 admo·

554 3951 699 4011 tum
740 3945 929 4009 cdere
972 3962 1126 4008 eum
1168 3945 1403 4027 cogito,
1442 3945 1774 4008 anuvdkam
1812 3944 2196 4026 (stichorum
2223 3946 2484 4027 seriem)
2508 3964 2794 4027 pronun·

558 4071 731 4135 tians
788 4088 1098 4133 versuum
1162 4069 1407 4145 decem,
1468 4088 1751 4152 quorum
1817 4070 2072 4153 primus
2115 4070 2376 4152 incipit:
2425 4070 2797 4152 „‚,spiritus

472 4270 475 4275 ,
558 4215 754 4262 omne
836 4196 1143 4258 animans
1220 4194 1567 4272 tuetur''”,
1634 4196 1732 4258 ita
1798 4199 1872 4259 ut
1939 4214 2090 4259 cum
2159 4195 2433 4277 singulis
2500 4195 2798 4273 versibus

556 4322 707 4387 edat
793 4321 995 4386 uer.”.

532 4451 543 4459 ·
600 4340 1016 4517 .Ρι·ἷᾳαῃιιπι
1078 4435 1215 4497 iam
1274 4434 1434 4497 satis
1495 4434 1894 4516 explicatum
1957 4434 2246 4499 fontibus
2311 4432 2602 4515 reliquis.
2668 4431 2796 4495 Sed
