3325 5200
1622 544 1707 608 46

810 758 860 825 ιῖ
892 768 951 825 te
985 759 1208 845 yonim‘
1237 759 1464 841 qarbka
1507 765 1610 823 θέα
1637 758 1867 841 pumdn
1910 758 2065 822 ὂιῖηα
2106 758 2467 824 εὐεεᾶπιῐᾶἱηι

813 888 862 951 ἅ
893 886 1018 952 vtro
1059 895 1198 951 atra
1225 887 1517 972 ja‘yata‘m
1545 892 1771 968 patras
1814 891 1872 948 te
1913 885 2335 970 dapamci‘syah.

551 1011 650 1078 Cf.
696 1018 761 1077 et
805 1018 1187 1096 sequentem

795 1137 1192 1220 pumdmsam
1231 1144 1487 1219 putram
1516 1136 1761 1220 janaya
1798 1141 1934 1201 tam
1962 1136 2192 1219 puma‘n
2235 1159 2358 1200 anu
2386 1136 2665 1221 jdyatdm

813 1261 1054 1326 bhava‘si
1079 1260 1428 1344 puto-dudm
1475 1261 1643 1324 mdtd
1659 1260 1957 1344 jdta‘ndm
1985 1261 2327 1346 janaydqca
2363 1263 2488 1346 ,φάη

553 1409 634 1452 ex
670 1407 800 1471 quo
841 1392 1130 1471 apparet,
1169 1387 1305 1451 iam
1346 1387 1634 1450 filiorum
1674 1392 1957 1450 matrem
2000 1406 2154 1466 esse,
2188 1406 2361 1470 quae
2393 1388 2467 1450 in
2496 1388 2793 1452 carmine

551 1513 1000 1597 compelletur.
1054 1513 1243 1578 Prior
1295 1533 1522 1576 versus
1572 1513 1779 1576 latine
1832 1518 2051 1577 sonatz
2104 1514 2231 1592 „in
2282 1517 2548 1578 uterum
2596 1518 2787 1577 tuum

551 1640 960 1703 immittatur
1000 1640 1167 1704 fetus
1211 1659 1374 1717 mae,
1419 1639 1614 1702 sicuti
1653 1639 1899 1721 sagitta
1940 1641 2014 1702 in
2057 1641 2457 1723 pharetram,
2508 1641 2613 1702 vir
2667 1640 2788 1704 tibi

554 1772 862 1830 nascatur
898 1766 1074 1830 filius
1109 1767 1364 1830 decimo
1398 1765 1687 1844 mense-,³²
1722 1766 1915 1830 alter:
1938 1786 2247 1844 „marem
2273 1785 2555 1849 puerum
2578 1766 2791 1850 gigne,

555 1897 700 1974 post
741 1910 895 1956 eum
937 1897 1245 1956 nascatur
1288 1912 1450 1971 maS,
1496 1893 1785 1957 filiorum
1834 1897 2048 1957 mater
2084 1893 2170 1956 sis
2208 1898 2273 1957 et
2310 1912 2474 1976 quos
2510 1893 2649 1956 iam
2685 1912 2792 1976 pe-

554 2017 782 2100 peristi
827 2022 892 2081 et
934 2037 1099 2100 quos
1143 2016 1422 2101 paries?
1465 2053 1553 2066 -
1596 2018 1908 2082 Eiusdem
1946 2019 2043 2082 rei
2090 2019 2305 2102 gratia
2355 2020 2638 2084 secundo
2687 2018 2795 2083 vel

558 2143 748 2206 tertio
801 2143 1212 2226 graviditatis
1273 2163 1493 2210 mense
1555 2149 2044 2209 sacramentum
2106 2145 2203 2225 fit,
2256 2121 2365 2209 cui
2408 2165 2654 2210 nomen
2700 2150 2795 2210 est

549 2289 952 2349 pumsawna,
999 2269 1042 2332 i.
1089 2287 1147 2332 e.
1194 2269 1452 2345 „maris
1495 2267 1851 2351 genitura''
1894 2288 2031 2352 qua
2075 2266 2375 2347 efficiant,
2421 2275 2496 2333 ut
2550 2269 2797 2332 femina

556 2413 641 2458 ne
687 2399 1012 2473 nascatur,
1061 2414 1204 2457 mas
1248 2415 1404 2459 vero
1449 2399 1776 2460 nascatur.
1824 2393 2024 2475 Quin.
2052 2396 2214 2459 adeo
2261 2394 2608 2478 diligenter
2648 2394 2795 2457 Indi

560 2520 681 2584 hoc
743 2521 1114 2601 observant,
1159 2526 1234 2585 ut
1277 2521 1628 2585 ridiculum
1678 2522 1750 2584 in
1796 2522 2069 2585 modum
2091 2513 2553 2603 'Baudhayani
2608 2520 2799 2584 nobis

556 2646 767 2710 facere
827 2647 1198 2712 videantur.
1260 2648 1380 2711 His
1437 2649 1616 2711 enim
1681 2648 1933 2713 Baudh.
1994 2650 2275 2731 Prayog.
2336 2668 2482 2731 pag.
2548 2648 2651 2727 88,
2727 2666 2797 2723 a;

561 2771 664 2848 91,
715 2791 756 2834 a
794 2772 1130 2854 praecipit,
1186 2772 1241 2835 si
1288 2777 1472 2855 pater
1521 2773 1746 2855 aliqua
1786 2774 1863 2863 de
1905 2794 2105 2837 causa
2139 2773 2313 2837 filiae
2349 2777 2414 2837 et
2451 2778 2800 2857 conceptae

561 2903 626 2962 et
670 2902 867 2961 natae
913 2904 1322 2962 sacramenta
1371 2918 1680 2982 peragere
1724 2900 2176 2983 supersederit,
2213 2899 2600 2982 nuptiarum
2638 2902 2800 2962 tem-

558 3024 716 3106 pore
761 3028 834 3087 ut
882 3024 1035 3088 inde
1079 3044 1120 3086 a
1157 3024 1616 3107 jatakarmane
1657 3025 1885 3089 omnia
1923 3029 2193 3107 repetat,
2228 3028 2593 3088 ceterorum
2619 3042 2800 3086 man·

563 3155 696 3215 tros
767 3152 1169 3235 pronuntiet,
1246 3171 1330 3215 ne
1388 3171 1784 3234 pumsavano
1848 3151 2113 3233 quidem
2178 3150 2437 3227 omisso,
2503 3147 2682 3231 quod
2747 3147 2802 3210 si

563 3254 722 3357 quid
780 3276 1110 3355 valuisset,
1173 3277 1310 3339 filia
1370 3277 1479 3340 cui
1537 3281 2026 3341 sacramentum
2088 3276 2231 3340 fieri
2290 3275 2656 3357 perhibent,
2717 3292 2802 3337 ne

565 3406 730 3465 esset
775 3402 1070 3484 quidem!
1121 3401 1270 3467 Non
1319 3404 1487 3486 sapit
1532 3403 1665 3481 ille,
1713 3403 1831 3485 qui
1875 3403 2166 3465 nimium
2213 3401 2401 3483 sapit.

653 3526 966 3591 Attamen
1025 3529 1450 3593 vehementer
1493 3528 1744 3608 (lubitu,
1790 3548 1879 3591 an
1922 3529 2045 3592 hac
2087 3528 2411 3611 sapientia
2453 3545 2595 3589 rem
2640 3525 2803 3588 divi-

565 3669 721 3714 nam
782 3652 1053 3715 fecerint
1113 3653 1163 3715 ii
1225 3653 1550 3736 coniugeS,
1615 3671 1779 3735 quos
1833 3642 2005 3737 {sem
2068 3653 2119 3731 I,
2174 3652 2229 3731 7,
2280 3653 2316 3713 6
2363 3668 2501 3733 sqq.
2548 3650 2684 3714 fore
2731 3653 2806 3713 ut

563 3776 738 3841 filiae
796 3777 922 3841 sibi
981 3783 1406 3841 nascerentur
1459 3797 1641 3862 spem
1684 3778 1905 3842 fovere
1950 3778 2064 3841 ait.
2112 3776 2271 3859 Age,
2318 3779 2532 3839 totum
2580 3773 2806 3837 locum

565 3893 991 3984 appcnamuS,
1035 3902 1151 3985 qui
1203 3902 1403 3965 simul
1434 3921 1554 3967 nos
1587 3901 1834 3979 doceat,
1872 3900 2238 3966 cavendum
2280 3919 2413 3963 esse
2452 3918 2536 3961 ne
2574 3916 2805 3980 urgue-

565 4045 755 4089 amus
802 4025 986 4104 illud,
1033 4026 1209 4110 quod
1251 4027 1624 4092 futurorum
1664 4026 1954 4091 filiorum
1989 4030 2254 4090 tantum
2293 4024 2451 4089 novi
2487 4024 2799 4107 coniuges

563 4151 887 4215 rationem
949 4152 1287 4218 haberent.
1336 4153 1652 4217 Versatur
1694 4140 1873 4235 'Kew
1922 4151 1993 4213 in
2040 4170 2119 4215 ea
2152 4154 2341 4234 parte
2391 4150 2799 4232 nuptiarum,

562 4295 732 4361 quae
776 4280 872 4340 est
915 4274 1294 4342 dextrarum
1336 4277 1586 4342 iunctio
1641 4276 1745 4358 (de
1787 4295 1923 4359 qua
1961 4276 2094 4341 vid.
2134 4276 2312 4339 Haas
2349 4275 2443 4340 1.1.
2482 4294 2630 4358 pag.
2671 4274 2799 4336 316

459 4416 464 4419 ·
563 4401 706 4485 sq),
761 4419 965 4484 quam
1028 4401 1202 4466 hune
1253 4402 1326 4465 in
1371 4402 1641 4468 modum
1689 4404 1982 4465 enarrat:
2036 4397 2320 4482 qrhndmi
2359 4404 2420 4462 te
2469 4397 2795 4479 saubkdqa-
