3325 5200
1325 581 1357 644 7

228 789 560 854 sutrorum
624 791 958 872 duraverit
1018 799 1218 870 aetas,
1283 792 1461 868 haud
1520 793 1616 856 ita
1679 799 1854 860 recte
1914 814 1955 857 a
2006 795 2287 860 Miillero
2331 815 2467 861 esse

227 917 456 994 fixum,
505 917 642 979 iam
689 916 1070 982 Goldstiick.
1118 918 1211 982 l.l.
1257 938 1403 1002 pag.
1459 918 1534 982 72
1577 921 1642 982 et
1680 937 1827 1002 pag.
1876 919 1951 983 77
1991 937 2129 1002 sqq.
2165 888 2467 986 ostendit.

229 1040 488 1124 Quibus
527 1043 649 1106 hoc
687 1047 948 1106 tantum
987 1043 1309 1121 addimuS,
1350 1044 1566 1106 virum
1594 1044 1676 1108 cl.
1700 1044 2000 1108 Kernum
2024 1063 2133 1110 1118
2154 1045 2466 1124 docuisse,

227 1159 716 1250 Kryabhatum,
765 1169 1202 1233 clarissimum
1270 1169 1463 1243 illum
1510 1175 1965 1234 astronomum
2012 1170 2235 1234 decem
2284 1161 2466 1254 Kryo

225 1299 439 1357 metro
478 1294 858 1377 conscriptis
891 1294 1173 1377 strophis
1209 1295 1654 1358 astronomiae
1695 1294 2023 1359 elementa
2045 1296 2464 1379 complexum

229 1438 385 1496 esse,
447 1437 617 1500 quae
665 1418 990 1482 constanti
1037 1417 1478 1500 appellatione
1522 1417 2259 1502 „Dacagitikasfitrani”
2304 1420 2466 1484 cele-

228 1545 526 1610 brantur.
584 1532 1013 1626 'Aryabhatus
1073 1548 1297 1606 autem
1355 1562 1531 1606 anno
1595 1544 1723 1607 476
1784 1564 1848 1627 p.
1909 1541 2064 1608 Chr.
2111 1550 2306 1608 natus
2350 1550 2465 1610 est.

228 1667 502 1734 Constat
545 1670 764 1752 igitur,
813 1674 876 1732 et
919 1669 1152 1750 quinto
1199 1669 1402 1732 etiam
1448 1668 1555 1732 vel
1599 1674 1783 1733 sexto
1831 1669 2050 1734 seculo
2090 1688 2285 1733 aerae
2323 1690 2465 1735 nos-

230 1799 366 1856 trae
409 1792 581 1856 su‘tra
627 1812 763 1857 esse
808 1793 1188 1876 composita,
1240 1798 1306 1856 et
1344 1811 1424 1856 ea
1461 1797 1717 1857 exstare
1752 1790 1953 1870 mitra,
1978 1812 2149 1875 quae
2174 1795 2468 1858 numeris

157 1952 168 1962 ·
227 1919 358 1981 sint
407 1918 734 1981 adstricta.
788 1919 912 1982 Sed
958 1919 1058 1982 fac
1107 1937 1204 1997 ea,
1245 1918 1421 1981 unde
1459 1919 1703 1982 Miiller
1740 1919 1823 1981 ad
1868 1921 2467 2002 argumentandum

226 2045 550 2128 profectus
589 2049 683 2107 est
722 2063 879 2108 vera
903 2063 1070 2121 8338,
1095 2045 1227 2108 sint
1250 2063 1406 2108 38118
1431 2044 1743 2135 universi,
1768 2044 1884 2127 qui
1906 2046 2235 2128 perpetuis
2258 2046 2466 2130 clokis

228 2171 576 2254 conscripti
614 2175 765 2234 sunt
801 2171 957 2234 libri
996 2172 1198 2235 aetati
1235 2191 1434 2253 quam
1478 2171 1780 2235 vedicam
1827 2170 2109 2252 (rectene
2150 2192 2235 2235 an
2262 2192 2463 2250 388113,

229 2296 292 2358 11.
332 2295 376 2359 l.
418 2295 514 2358 nil
538 2295 621 2358 ad
643 2296 809 2379 rem)
837 2295 1167 2378 appellare
1191 2296 1420 2374 solent,
1443 2296 1909 2378 postponendi3
1936 2296 2019 2360 sit
2041 2296 2269 2360 datum
2295 2298 2463 2360 Miil-

228 2419 366 2482 lero
401 2417 582 2483 sfitra
619 2425 774 2482 ante
811 2420 1117 2502 componi
1157 2424 1387 2502 coepta
1426 2439 1563 2483 esse
1599 2439 1802 2502 quam
1827 2419 1918 2498 hi,
1944 2439 2107 2483 num
2139 2420 2291 2484 inde
2315 2427 2464 2485 con-

229 2545 544 2628 sequitur,
584 2545 1043 2629 quodcumque
1082 2565 1217 2610 non
1256 2544 1461 2630 clokis
1499 2545 1832 2629 perpetuis
1872 2545 1983 2609 sed
2024 2547 2239 2610 soluta
2272 2549 2467 2613 orati-

230 2692 355 2737 one
412 2674 609 2736 sutris
667 2649 917 2736 constet
975 2637 1310 2755 scriptum,
1373 2677 1447 2735 ut
1492 2671 1562 2735 id
1604 2672 1679 2733 in
1725 2672 1960 2735 aetatis
2005 2672 2271 2736 vedicae
2317 2673 2465 2736 reli-

225 2798 398 2882 quiis
419 2804 590 2861 recte
611 2795 975 2880 ponamus?
998 2796 1326 2879 Numquis
1343 2795 1577 2879 Quinti
1600 2798 1949 2879 Smyrnaei
1976 2799 2257 2862 carmini
2280 2800 2464 2886 epico

224 2898 558 2986 summam
635 2923 1098 3005 antiquitatem
1180 2923 1445 2999 tribuet,
1507 2922 1713 2985 etiam
1776 2928 1930 2987 ante
1989 2922 2463 2987 Archilochum

223 3050 538 3132 scriptum
587 3069 723 3114 esse
769 3048 1135 3127 contendet,
1182 3049 1304 3112 hoc
1353 3068 1505 3111 usus
1552 3053 1962 3131 argumentO,
2010 3050 2187 3131 quod
2230 3050 2463 3114 Graeci

223 3176 406 3259 prius
465 3195 618 3258 epos
677 3195 878 3258 quam
941 3175 1198 3239 iambos
1255 3173 1628 3257 attigerint?
1689 3172 1779 3237 At
1838 3146 2052 3239 sermo
2113 3176 2463 3258 Smyrnaei

226 3307 511 3365 aetatem
553 3303 698 3366 luce
737 3301 978 3365 clarius
1018 3301 1432 3364 monstrabit.
1471 3300 1573 3363 Ex
1597 3319 1899 3364 sermone
1921 3300 2124 3383 igitur
2146 3302 2464 3365 sumenda

224 3434 378 3492 sunt
417 3429 813 3506 testimonia,
852 3428 1093 3511 quibus
1130 3431 1461 3490 sutrorum
1497 3429 1781 3489 aetatem
1827 3426 2094 3489 definire
2116 3428 2461 3509 oportebit.

315 3551 506 3633 Quod
566 3552 902 3636 negotium
965 3552 1120 3615 satis
1179 3551 1441 3615 videtur
1484 3569 1790 3633 asperum
1836 3570 1991 3615 esse.
2041 3549 2237 3614 Sfitra
2280 3551 2460 3615 enim

225 3678 671 3759 cuiuscunque
730 3678 890 3741 artis
951 3676 1280 3741 elementa
1341 3679 1681 3758 exponunt
1743 3676 1863 3739 hoc
1926 3676 2171 3740 habent
2215 3678 2460 3754 omnia,

223 3801 400 3884 quod
458 3802 734 3865 concisis
777 3806 976 3884 atque
1023 3804 1097 3865 ut
1141 3802 1238 3864 ita
1284 3800 1498 3863 dicam
1549 3800 1917 3883 praeruptis
1962 3801 2181 3865 verbis
2226 3802 2462 3865 consis-

224 3931 392 4006 tunt,
453 3947 666 4010 neque
729 3928 1054 4010 conceptis
1107 3931 1352 3990 carent.
1409 3924 1571 3987 Inde
1615 3926 1707 4003 fit,
1757 3930 1829 3988 ut
1872 3925 1929 3987 is
1972 3944 2102 4008 quo
2145 3925 2461 4009 peculiari

218 4052 460 4116 Miiller
503 4052 597 4114 ait
644 4049 826 4115 ssstra
871 4052 1022 4116 stilo
1070 4070 1206 4115 esse
1254 4049 1631 4132 composita,
1680 4068 1763 4113 ne
1808 4050 1998 4113 stilus
2041 4051 2306 4132 quidem
2356 4052 2459 4116 sit.

218 4179 361 4243 Hoc
423 4179 625 4243 etiam
688 4179 897 4262 magis
954 4178 1394 4241 illustrabitur
1441 4195 1600 4240 voce
1645 4175 2124 4240 Indica-latine
2171 4177 2459 4255 reddita3

219 4308 374 4367 sunt
449 4305 628 4369 enim
700 4305 1086 4390 compendia
1153 4323 1324 4386 quae
1393 4302 1727 4385 epitomen
1796 4301 1981 4379 ritus,
2050 4303 2232 4380 111113,
2301 4304 2461 4366 artis

219 4430 688 4494 adumbrantia
748 4431 832 4493 ad
893 4429 1308 4494 instruendos
1361 4446 1597 4511 pueros
1642 4427 1782 4489 iam
1829 4427 1945 4490 diu
1990 4447 2031 4490 a
2078 4428 2461 4493 brahmanis
