<?xml version="1.0" encoding="UTF-8"?>
<!DOCTYPE html PUBLIC "-//W3C//DTD XHTML 1.0 Transitional//EN"
    "http://www.w3.org/TR/xhtml1/DTD/xhtml1-transitional.dtd">
<html xmlns="http://www.w3.org/1999/xhtml" xml:lang="en" lang="en">
 <head>
  <title>
</title>
<meta http-equiv="Content-Type" content="text/html;charset=utf-8" />
  <meta name='ocr-system' content='tesseract 3.04.00' />
  <meta name='ocr-capabilities' content='ocr_page ocr_carea ocr_par ocr_line ocrx_word'/>
</head>
<body>
  <div class='ocr_page' id='page_1' title='image "./specimenliterar00speygoog_0028.png"; bbox 0 0 3325 5200; ppageno 0'>
   <div class='ocr_carea' id='block_1_1' title="bbox 1663 517 1743 581">
    <p class='ocr_par' dir='ltr' id='par_1_1' title="bbox 1663 517 1743 581">
     <span class='ocr_line' id='line_1_1' title="bbox 1663 517 1743 581; baseline -0.013 0"><span class='ocrx_word' id='word_1_1' title='bbox 1663 517 1743 581; x_wconf 82' lang='lat' dir='ltr'><strong>1ss</strong></span> 
     </span>
    </p>
   </div>
   <div class='ocr_carea' id='block_1_2' title="bbox 583 731 2827 3081">
    <p class='ocr_par' dir='ltr' id='par_1_2' title="bbox 583 731 2827 3081">
     <span class='ocr_line' id='line_1_2' title="bbox 585 731 2827 818; baseline 0.003 -22"><span class='ocrx_word' id='word_1_2' title='bbox 585 732 752 796; x_wconf 87' lang='lat' dir='ltr'><strong>mihi</strong></span> <span class='ocrx_word' id='word_1_3' title='bbox 814 750 1018 815; x_wconf 88' lang='lat' dir='ltr'><strong>quam</strong></span> <span class='ocrx_word' id='word_1_4' title='bbox 1077 731 1372 796; x_wconf 81' lang='lat' dir='ltr'><strong>maxime</strong></span> <span class='ocrx_word' id='word_1_5' title='bbox 1429 751 1818 815; x_wconf 82' lang='lat' dir='ltr'><strong>persuasum</strong></span> <span class='ocrx_word' id='word_1_6' title='bbox 1872 738 1987 798; x_wconf 85' lang='lat' dir='ltr'><strong>est.</strong></span> <span class='ocrx_word' id='word_1_7' title='bbox 2050 734 2158 799; x_wconf 90' lang='lat' dir='ltr'><strong>Sic</strong></span> <span class='ocrx_word' id='word_1_8' title='bbox 2205 735 2405 798; x_wconf 84' lang='lat' dir='ltr'><strong>etiam</strong></span> <span class='ocrx_word' id='word_1_9' title='bbox 2454 736 2703 804; x_wconf 86' lang='lat' dir='ltr'><strong>iudicat</strong></span> <span class='ocrx_word' id='word_1_10' title='bbox 2748 739 2827 818; x_wconf 72' lang='lat' dir='ltr'><strong>ie,</strong></span> 
     </span>
     <span class='ocr_line' id='line_1_3' title="bbox 584 856 2825 944; baseline 0.003 -22"><span class='ocrx_word' id='word_1_11' title='bbox 584 878 785 942; x_wconf 92' lang='lat' dir='ltr'><strong>quem</strong></span> <span class='ocrx_word' id='word_1_12' title='bbox 845 856 1028 922; x_wconf 80' lang='lat' dir='ltr'><strong>sfitra</strong></span> <span class='ocrx_word' id='word_1_13' title='bbox 1083 859 1346 941; x_wconf 84' lang='lat' dir='ltr'><strong>penitus</strong></span> <span class='ocrx_word' id='word_1_14' title='bbox 1405 879 1592 923; x_wconf 83' lang='lat' dir='ltr'><strong>nosse</strong></span> <span class='ocrx_word' id='word_1_15' title='bbox 1653 878 1851 924; x_wconf 89' lang='lat' dir='ltr'><strong>nemo</strong></span> <span class='ocrx_word' id='word_1_16' title='bbox 1914 861 2201 944; x_wconf 81' lang='lat' dir='ltr'><strong>negabit,</strong></span> <span class='ocrx_word' id='word_1_17' title='bbox 2263 862 2585 926; x_wconf 87' lang='lat' dir='ltr'><strong>Stenzler:</strong></span> <span class='ocrx_word' id='word_1_18' title='bbox 2648 865 2825 941; x_wconf 90' lang='lat' dir='ltr'><strong>„Die</strong></span> 
     </span>
     <span class='ocr_line' id='line_1_4' title="bbox 583 983 2825 1066; baseline 0.002 -19"><span class='ocrx_word' id='word_1_19' title='bbox 583 983 1092 1047; x_wconf 82' lang='lat' dir='ltr'><strong>bedeutendsten</strong></span> <span class='ocrx_word' id='word_1_20' title='bbox 1129 983 1338 1046; x_wconf 80' lang='lat' dir='ltr'>dieser</span> <span class='ocrx_word' id='word_1_21' title='bbox 1375 983 1839 1066; x_wconf 86' lang='lat' dir='ltr'><strong>Handlungen,</strong></span> <span class='ocrx_word' id='word_1_22' title='bbox 1878 986 2287 1049; x_wconf 87' lang='lat' dir='ltr'><strong>namentlich</strong></span> <span class='ocrx_word' id='word_1_23' title='bbox 2313 987 2416 1050; x_wconf 93' lang='lat' dir='ltr'><strong>die</strong></span> <span class='ocrx_word' id='word_1_24' title='bbox 2440 987 2825 1052; x_wconf 68' lang='lat' dir='ltr'><strong>Gebrauche</strong></span> 
     </span>
     <span class='ocr_line' id='line_1_5' title="bbox 585 1110 2823 1194; baseline 0.001 -20"><span class='ocrx_word' id='word_1_25' title='bbox 585 1112 696 1174; x_wconf 86' lang='lat' dir='ltr'><strong>des</strong></span> <span class='ocrx_word' id='word_1_26' title='bbox 751 1110 1325 1187; x_wconf 71' lang='lat' dir='ltr'><strong>FamilienlebenS,</strong></span> <span class='ocrx_word' id='word_1_27' title='bbox 1385 1111 1694 1175; x_wconf 85' lang='lat' dir='ltr'><strong>scheinen</strong></span> <span class='ocrx_word' id='word_1_28' title='bbox 1754 1112 1827 1174; x_wconf 89' lang='lat' dir='ltr'><strong>in</strong></span> <span class='ocrx_word' id='word_1_29' title='bbox 1879 1111 2057 1175; x_wconf 88' lang='lat' dir='ltr'><strong>allen</strong></span> <span class='ocrx_word' id='word_1_30' title='bbox 2102 1111 2539 1194; x_wconf 58' lang='grc' dir='ltr'><strong>(ἰώγα-εὕδω</strong></span> <span class='ocrx_word' id='word_1_31' title='bbox 2578 1114 2823 1178; x_wconf 82' lang='lat' dir='ltr'><strong>wieder</strong></span> 
     </span>
     <span class='ocr_line' id='line_1_6' title="bbox 587 1235 2826 1321; baseline 0.001 -23"><span class='ocrx_word' id='word_1_32' title='bbox 587 1256 667 1298; x_wconf 87' lang='lat' dir='ltr'><strong>zu</strong></span> <span class='ocrx_word' id='word_1_33' title='bbox 725 1235 976 1299; x_wconf 88' lang='lat' dir='ltr'><strong>kehren</strong></span> <span class='ocrx_word' id='word_1_34' title='bbox 1023 1235 1161 1298; x_wconf 90' lang='lat' dir='ltr'><strong>und</strong></span> <span class='ocrx_word' id='word_1_35' title='bbox 1203 1235 1732 1318; x_wconf 84' lang='lat' dir='ltr'><strong>urspriingliches</strong></span> <span class='ocrx_word' id='word_1_36' title='bbox 1778 1237 2180 1320; x_wconf 88' lang='lat' dir='ltr'><strong>Eigenthum</strong></span> <span class='ocrx_word' id='word_1_37' title='bbox 2227 1238 2337 1302; x_wconf 72' lang='lat' dir='ltr'><strong>des</strong></span> <span class='ocrx_word' id='word_1_38' title='bbox 2380 1257 2635 1321; x_wconf 85' lang='lat' dir='ltr'><strong>ganzen</strong></span> <span class='ocrx_word' id='word_1_39' title='bbox 2682 1240 2826 1302; x_wconf 85' lang='lat' dir='ltr'><strong>Ari-</strong></span> 
     </span>
     <span class='ocr_line' id='line_1_7' title="bbox 585 1361 2826 1440; baseline 0.001 -16"><span class='ocrx_word' id='word_1_40' title='bbox 585 1363 782 1426; x_wconf 82' lang='lat' dir='ltr'><strong>schen</strong></span> <span class='ocrx_word' id='word_1_41' title='bbox 828 1361 1076 1426; x_wconf 88' lang='lat' dir='ltr'><strong>Volkes</strong></span> <span class='ocrx_word' id='word_1_42' title='bbox 1119 1382 1201 1424; x_wconf 89' lang='lat' dir='ltr'><strong>zu</strong></span> <span class='ocrx_word' id='word_1_43' title='bbox 1245 1361 1406 1440; x_wconf 83' lang='lat' dir='ltr'><strong>sein,</strong></span> <span class='ocrx_word' id='word_1_44' title='bbox 1453 1362 1720 1425; x_wconf 85' lang='lat' dir='ltr'><strong>obwohl</strong></span> <span class='ocrx_word' id='word_1_45' title='bbox 1765 1362 1902 1425; x_wconf 86' lang='lat' dir='ltr'><strong>sich</strong></span> <span class='ocrx_word' id='word_1_46' title='bbox 1950 1363 2119 1426; x_wconf 87' lang='lat' dir='ltr'><strong>auch</strong></span> <span class='ocrx_word' id='word_1_47' title='bbox 2175 1364 2248 1426; x_wconf 90' lang='lat' dir='ltr'><strong>in</strong></span> <span class='ocrx_word' id='word_1_48' title='bbox 2304 1364 2508 1427; x_wconf 89' lang='lat' dir='ltr'><strong>ihnen</strong></span> <span class='ocrx_word' id='word_1_49' title='bbox 2546 1364 2826 1428; x_wconf 81' lang='lat' dir='ltr'>manche</span> 
     </span>
     <span class='ocr_line' id='line_1_8' title="bbox 589 1483 2825 1572; baseline 0.001 -23"><span class='ocrx_word' id='word_1_50' title='bbox 589 1487 1250 1552; x_wconf 85' lang='lat' dir='ltr'><strong>Verschiedenheiten</strong></span> <span class='ocrx_word' id='word_1_51' title='bbox 1295 1488 1541 1572; x_wconf 86' lang='lat' dir='ltr'><strong>zeigen,</strong></span> <span class='ocrx_word' id='word_1_52' title='bbox 1578 1490 1647 1572; x_wconf 88' lang='lat' dir='ltr'><strong>je</strong></span> <span class='ocrx_word' id='word_1_53' title='bbox 1691 1489 1859 1552; x_wconf 88' lang='lat' dir='ltr'><strong>nach</strong></span> <span class='ocrx_word' id='word_1_54' title='bbox 1905 1489 2033 1552; x_wconf 90' lang='lat' dir='ltr'><strong>den</strong></span> <span class='ocrx_word' id='word_1_55' title='bbox 2079 1483 2588 1569; x_wconf 79' lang='lat' dir='ltr'><strong>verschiedenen</strong></span> <span class='ocrx_word' id='word_1_56' title='bbox 2611 1490 2825 1554; x_wconf 87' lang='lat' dir='ltr'><strong>Vedas</strong></span> 
     </span>
     <span class='ocr_line' id='line_1_9' title="bbox 588 1610 2824 1701; baseline 0 -24"><span class='ocrx_word' id='word_1_57' title='bbox 588 1613 745 1677; x_wconf 92' lang='lat' dir='ltr'><strong>oder</strong></span> <span class='ocrx_word' id='word_1_58' title='bbox 803 1610 1086 1701; x_wconf 65' lang='lat' dir='ltr'><strong>Qakhfis,</strong></span> <span class='ocrx_word' id='word_1_59' title='bbox 1148 1632 1228 1675; x_wconf 90' lang='lat' dir='ltr'><strong>zu</strong></span> <span class='ocrx_word' id='word_1_60' title='bbox 1289 1613 1584 1676; x_wconf 83' lang='lat' dir='ltr'><strong>welchen</strong></span> <span class='ocrx_word' id='word_1_61' title='bbox 1645 1613 1752 1677; x_wconf 89' lang='lat' dir='ltr'><strong>die</strong></span> <span class='ocrx_word' id='word_1_62' title='bbox 1811 1612 2009 1677; x_wconf 75' lang='lat' dir='ltr'><strong>Sfitra</strong></span> <span class='ocrx_word' id='word_1_63' title='bbox 2061 1613 2441 1697; x_wconf 53' lang='lat' dir='ltr'><strong>gebin-ten?</strong></span> <span class='ocrx_word' id='word_1_64' title='bbox 2492 1614 2824 1696; x_wconf 78' lang='lat' dir='ltr'><strong>(zeitschr.</strong></span> 
     </span>
     <span class='ocr_line' id='line_1_10' title="bbox 589 1736 2825 1823; baseline 0 -21"><span class='ocrx_word' id='word_1_65' title='bbox 589 1739 702 1802; x_wconf 88' lang='lat' dir='ltr'><strong>der</strong></span> <span class='ocrx_word' id='word_1_66' title='bbox 745 1738 1033 1802; x_wconf 87' lang='lat' dir='ltr'><strong>deutsch.</strong></span> <span class='ocrx_word' id='word_1_67' title='bbox 1078 1739 1286 1821; x_wconf 89' lang='lat' dir='ltr'><strong>Morg.</strong></span> <span class='ocrx_word' id='word_1_68' title='bbox 1332 1736 1683 1802; x_wconf 86' lang='lat' dir='ltr'><strong>Gesellsch.</strong></span> <span class='ocrx_word' id='word_1_69' title='bbox 1736 1738 1879 1816; x_wconf 90' lang='lat' dir='ltr'><strong>VII,</strong></span> <span class='ocrx_word' id='word_1_70' title='bbox 1923 1758 2070 1823; x_wconf 87' lang='lat' dir='ltr'><strong>pag.</strong></span> <span class='ocrx_word' id='word_1_71' title='bbox 2121 1739 2247 1802; x_wconf 80' lang='lat'><strong>527</strong></span> <span class='ocrx_word' id='word_1_72' title='bbox 2294 1741 2415 1822; x_wconf 84' lang='lat' dir='ltr'><strong>sq.)</strong></span> <span class='ocrx_word' id='word_1_73' title='bbox 2456 1736 2629 1803; x_wconf 81' lang='lat' dir='ltr'><strong>Cum</strong></span> <span class='ocrx_word' id='word_1_74' title='bbox 2669 1757 2825 1803; x_wconf 87' lang='lat' dir='ltr'><strong>vero</strong></span> 
     </span>
     <span class='ocr_line' id='line_1_11' title="bbox 587 1864 2826 1948; baseline -0 -21"><span class='ocrx_word' id='word_1_75' title='bbox 587 1865 671 1928; x_wconf 86' lang='lat' dir='ltr'><strong>sit</strong></span> <span class='ocrx_word' id='word_1_76' title='bbox 707 1865 974 1942; x_wconf 82' lang='lat' dir='ltr'><strong>factum,</strong></span> <span class='ocrx_word' id='word_1_77' title='bbox 1015 1866 1089 1927; x_wconf 90' lang='lat' dir='ltr'><strong>ut</strong></span> <span class='ocrx_word' id='word_1_78' title='bbox 1127 1868 1494 1928; x_wconf 87' lang='lat' dir='ltr'><strong>ceterorum</strong></span> <span class='ocrx_word' id='word_1_79' title='bbox 1531 1864 1772 1928; x_wconf 84' lang='lat' dir='ltr'><strong>veteris</strong></span> <span class='ocrx_word' id='word_1_80' title='bbox 1814 1865 2013 1928; x_wconf 86' lang='lat' dir='ltr'><strong>moris</strong></span> <span class='ocrx_word' id='word_1_81' title='bbox 2044 1865 2338 1948; x_wconf 85' lang='lat' dir='ltr'><strong>ritusque</strong></span> <span class='ocrx_word' id='word_1_82' title='bbox 2362 1864 2826 1930; x_wconf 87' lang='lat' dir='ltr'><strong>commentarii</strong></span> 
     </span>
     <span class='ocr_line' id='line_1_12' title="bbox 588 1990 2825 2074; baseline 0 -20"><span class='ocrx_word' id='word_1_83' title='bbox 588 1995 872 2054; x_wconf 85' lang='lat' dir='ltr'><strong>aetatem</strong></span> <span class='ocrx_word' id='word_1_84' title='bbox 917 2009 1050 2054; x_wconf 90' lang='lat' dir='ltr'><strong>non</strong></span> <span class='ocrx_word' id='word_1_85' title='bbox 1097 1990 1392 2068; x_wconf 85' lang='lat' dir='ltr'><strong>tulerint,</strong></span> <span class='ocrx_word' id='word_1_86' title='bbox 1437 2009 1869 2074; x_wconf 83' lang='lat' dir='ltr'><strong>quaecunque</strong></span> <span class='ocrx_word' id='word_1_87' title='bbox 1915 2011 1996 2055; x_wconf 85' lang='lat' dir='ltr'><strong>ex</strong></span> <span class='ocrx_word' id='word_1_88' title='bbox 2042 1991 2162 2054; x_wconf 88' lang='lat' dir='ltr'><strong>hac</strong></span> <span class='ocrx_word' id='word_1_89' title='bbox 2200 1991 2619 2074; x_wconf 77' lang='lat' dir='ltr'><strong>antiquitatis</strong></span> <span class='ocrx_word' id='word_1_90' title='bbox 2641 1995 2825 2074; x_wconf 88' lang='lat' dir='ltr'><strong>parte</strong></span> 
     </span>
     <span class='ocr_line' id='line_1_13' title="bbox 589 2115 2825 2200; baseline 0 -22"><span class='ocrx_word' id='word_1_91' title='bbox 589 2115 880 2198; x_wconf 85' lang='lat' dir='ltr'><strong>undique</strong></span> <span class='ocrx_word' id='word_1_92' title='bbox 939 2134 1199 2179; x_wconf 83' lang='lat' dir='ltr'><strong>corrasa</strong></span> <span class='ocrx_word' id='word_1_93' title='bbox 1258 2115 1596 2193; x_wconf 74' lang='lat' dir='ltr'><strong>habemUS,</strong></span> <span class='ocrx_word' id='word_1_94' title='bbox 1659 2135 1699 2179; x_wconf 89' lang='lat' dir='ltr'><strong>e</strong></span> <span class='ocrx_word' id='word_1_95' title='bbox 1754 2115 2029 2199; x_wconf 71' lang='lat' dir='ltr'><strong>legibue,</strong></span> <span class='ocrx_word' id='word_1_96' title='bbox 2090 2117 2533 2200; x_wconf 79' lang='lat' dir='ltr'><strong>scriptoribu8,</strong></span> <span class='ocrx_word' id='word_1_97' title='bbox 2593 2135 2825 2180; x_wconf 89' lang='lat' dir='ltr'><strong>monu-</strong></span> 
     </span>
     <span class='ocr_line' id='line_1_14' title="bbox 591 2240 2823 2324; baseline -0.001 -20"><span class='ocrx_word' id='word_1_98' title='bbox 591 2241 852 2318; x_wconf 83' lang='lat' dir='ltr'><strong>mentis,</strong></span> <span class='ocrx_word' id='word_1_99' title='bbox 890 2240 1256 2322; x_wconf 85' lang='lat' dir='ltr'><strong>fragmenta</strong></span> <span class='ocrx_word' id='word_1_100' title='bbox 1294 2244 1447 2302; x_wconf 84' lang='lat' dir='ltr'><strong>sunt</strong></span> <span class='ocrx_word' id='word_1_101' title='bbox 1483 2240 1789 2304; x_wconf 85' lang='lat' dir='ltr'><strong>habenda</strong></span> <span class='ocrx_word' id='word_1_102' title='bbox 1824 2241 2149 2324; x_wconf 86' lang='lat' dir='ltr'><strong>pluraque</strong></span> <span class='ocrx_word' id='word_1_103' title='bbox 2185 2248 2305 2307; x_wconf 82' lang='lat' dir='ltr'><strong>nos</strong></span> <span class='ocrx_word' id='word_1_104' title='bbox 2328 2241 2597 2319; x_wconf 88' lang='lat' dir='ltr'><strong>nescire,</strong></span> <span class='ocrx_word' id='word_1_105' title='bbox 2620 2258 2823 2322; x_wconf 85' lang='lat' dir='ltr'><strong>quam</strong></span> 
     </span>
     <span class='ocr_line' id='line_1_15' title="bbox 590 2365 2823 2462; baseline 0 -36"><span class='ocrx_word' id='word_1_106' title='bbox 590 2366 754 2434; x_wconf 82' lang='lat' dir='ltr'><strong>sorte</strong></span> <span class='ocrx_word' id='word_1_107' title='bbox 813 2365 1075 2428; x_wconf 88' lang='lat' dir='ltr'><strong>fortuna</strong></span> <span class='ocrx_word' id='word_1_108' title='bbox 1118 2368 1377 2427; x_wconf 81' lang='lat' dir='ltr'><strong>servata</strong></span> <span class='ocrx_word' id='word_1_109' title='bbox 1421 2384 1555 2428; x_wconf 82' lang='lat' dir='ltr'><strong>esse</strong></span> <span class='ocrx_word' id='word_1_110' title='bbox 1603 2366 2109 2462; x_wconf 80' lang='lat' dir='ltr'><strong>agnoscendum.</strong></span> <span class='ocrx_word' id='word_1_111' title='bbox 2156 2366 2259 2429; x_wconf 86' lang='lat' dir='ltr'><strong>Ex</strong></span> <span class='ocrx_word' id='word_1_112' title='bbox 2301 2365 2621 2430; x_wconf 87' lang='lat' dir='ltr'><strong>Indorum</strong></span> <span class='ocrx_word' id='word_1_113' title='bbox 2667 2384 2823 2428; x_wconf 89' lang='lat' dir='ltr'><strong>vero</strong></span> 
     </span>
     <span class='ocr_line' id='line_1_16' title="bbox 591 2489 2823 2582; baseline 0 -30"><span class='ocrx_word' id='word_1_114' title='bbox 591 2489 1086 2553; x_wconf 85' lang='lat' dir='ltr'><strong>commentariis</strong></span> <span class='ocrx_word' id='word_1_115' title='bbox 1139 2490 1560 2572; x_wconf 79' lang='lat' dir='ltr'><strong>pergentibus</strong></span> <span class='ocrx_word' id='word_1_116' title='bbox 1618 2491 2049 2582; x_wconf 84' lang='lat' dir='ltr'><strong>fundamenta</strong></span> <span class='ocrx_word' id='word_1_117' title='bbox 2104 2497 2255 2555; x_wconf 82' lang='lat' dir='ltr'><strong>sunt</strong></span> <span class='ocrx_word' id='word_1_118' title='bbox 2298 2491 2599 2555; x_wconf 88' lang='lat' dir='ltr'><strong>iacienda</strong></span> <span class='ocrx_word' id='word_1_119' title='bbox 2643 2490 2823 2567; x_wconf 87' lang='lat' dir='ltr'><strong>„his-</strong></span> 
     </span>
     <span class='ocr_line' id='line_1_17' title="bbox 592 2612 2826 2701; baseline -0 -22"><span class='ocrx_word' id='word_1_120' title='bbox 592 2616 798 2679; x_wconf 88' lang='lat' dir='ltr'><strong>toriae</strong></span> <span class='ocrx_word' id='word_1_121' title='bbox 853 2634 1117 2679; x_wconf 91' lang='lat' dir='ltr'><strong>morum</strong></span> <span class='ocrx_word' id='word_1_122' title='bbox 1158 2615 1329 2697; x_wconf 85' lang='lat' dir='ltr'><strong>apud</strong></span> <span class='ocrx_word' id='word_1_123' title='bbox 1367 2616 1642 2698; x_wconf 88' lang='lat' dir='ltr'><strong>populos</strong></span> <span class='ocrx_word' id='word_1_124' title='bbox 1681 2618 2199 2701; x_wconf 85' lang='lat' dir='ltr'><strong>Indogermanae</strong></span> <span class='ocrx_word' id='word_1_125' title='bbox 2236 2612 2513 2700; x_wconf 83' lang='lat' dir='ltr'><strong>stirpis&#39;’,</strong></span> <span class='ocrx_word' id='word_1_126' title='bbox 2554 2618 2674 2680; x_wconf 84' lang='lat' dir='ltr'><strong>hac</strong></span> <span class='ocrx_word' id='word_1_127' title='bbox 2713 2616 2826 2678; x_wconf 89' lang='lat' dir='ltr'><strong>via</strong></span> 
     </span>
     <span class='ocr_line' id='line_1_18' title="bbox 593 2741 2821 2825; baseline -0 -21"><span class='ocrx_word' id='word_1_128' title='bbox 593 2742 646 2804; x_wconf 91' lang='lat' dir='ltr'><strong>si</strong></span> <span class='ocrx_word' id='word_1_129' title='bbox 677 2741 1100 2823; x_wconf 88' lang='lat' dir='ltr'><strong>-inquiratur,</strong></span> <span class='ocrx_word' id='word_1_130' title='bbox 1161 2758 1340 2822; x_wconf 87' lang='lat' dir='ltr'><strong>spem</strong></span> <span class='ocrx_word' id='word_1_131' title='bbox 1387 2741 1604 2806; x_wconf 88' lang='lat' dir='ltr'><strong>fovere</strong></span> <span class='ocrx_word' id='word_1_132' title='bbox 1649 2743 1822 2821; x_wconf 88' lang='lat' dir='ltr'><strong>licet,</strong></span> <span class='ocrx_word' id='word_1_133' title='bbox 1868 2744 2003 2807; x_wconf 86' lang='lat' dir='ltr'><strong>fore</strong></span> <span class='ocrx_word' id='word_1_134' title='bbox 2051 2748 2123 2807; x_wconf 89' lang='lat' dir='ltr'><strong>ut</strong></span> <span class='ocrx_word' id='word_1_135' title='bbox 2168 2742 2524 2825; x_wconf 88' lang='lat' dir='ltr'><strong>aliquando</strong></span> <span class='ocrx_word' id='word_1_136' title='bbox 2570 2761 2821 2807; x_wconf 84' lang='lat' dir='ltr'><strong>morem</strong></span> 
     </span>
     <span class='ocr_line' id='line_1_19' title="bbox 595 2868 2823 2953; baseline -0.001 -22"><span class='ocrx_word' id='word_1_137' title='bbox 595 2870 924 2935; x_wconf 87' lang='lat' dir='ltr'><strong>maiorum</strong></span> <span class='ocrx_word' id='word_1_138' title='bbox 1000 2888 1137 2932; x_wconf 91' lang='lat' dir='ltr'><strong>non</strong></span> <span class='ocrx_word' id='word_1_139' title='bbox 1205 2870 1418 2936; x_wconf 84' lang='lat' dir='ltr'><strong>solum</strong></span> <span class='ocrx_word' id='word_1_140' title='bbox 1482 2870 1735 2933; x_wconf 87' lang='lat' dir='ltr'><strong>maiore</strong></span> <span class='ocrx_word' id='word_1_141' title='bbox 1795 2890 1877 2933; x_wconf 89' lang='lat' dir='ltr'><strong>ex</strong></span> <span class='ocrx_word' id='word_1_142' title='bbox 1934 2875 2119 2953; x_wconf 86' lang='lat' dir='ltr'><strong>parte</strong></span> <span class='ocrx_word' id='word_1_143' title='bbox 2178 2889 2387 2947; x_wconf 84' lang='lat' dir='ltr'><strong>nosse,</strong></span> <span class='ocrx_word' id='word_1_144' title='bbox 2450 2868 2561 2932; x_wconf 85' lang='lat' dir='ltr'><strong>sed</strong></span> <span class='ocrx_word' id='word_1_145' title='bbox 2621 2868 2823 2931; x_wconf 84' lang='lat' dir='ltr'><strong>etiam</strong></span> 
     </span>
     <span class='ocr_line' id='line_1_20' title="bbox 593 2992 2826 3081; baseline -0.002 -23"><span class='ocrx_word' id='word_1_146' title='bbox 593 2997 832 3061; x_wconf 88' lang='lat' dir='ltr'><strong>rectius</strong></span> <span class='ocrx_word' id='word_1_147' title='bbox 889 2998 1268 3081; x_wconf 86' lang='lat' dir='ltr'><strong>intellegere</strong></span> <span class='ocrx_word' id='word_1_148' title='bbox 1315 2997 1677 3060; x_wconf 84' lang='lat' dir='ltr'><strong>valeamus.</strong></span> <span class='ocrx_word' id='word_1_149' title='bbox 1724 2994 1917 3076; x_wconf 79' lang='lat' dir='ltr'><strong>Quod</strong></span> <span class='ocrx_word' id='word_1_150' title='bbox 1962 2994 2157 3077; x_wconf 88' lang='lat' dir='ltr'><strong>quale</strong></span> <span class='ocrx_word' id='word_1_151' title='bbox 2202 2994 2304 3072; x_wconf 90' lang='lat' dir='ltr'><strong>sit,</strong></span> <span class='ocrx_word' id='word_1_152' title='bbox 2350 2993 2585 3058; x_wconf 81' lang='lat' dir='ltr'><strong>haecce</strong></span> <span class='ocrx_word' id='word_1_153' title='bbox 2629 2992 2826 3076; x_wconf 89' lang='lat' dir='ltr'><strong>speci-</strong></span> 
     </span>
    </p>
   </div>
   <div class='ocr_carea' id='block_1_3' title="bbox 596 3118 2840 3203">
    <p class='ocr_par' dir='ltr' id='par_1_3' title="bbox 596 3118 2840 3203">
     <span class='ocr_line' id='line_1_21' title="bbox 596 3118 2840 3203; baseline -0.003 -18"><span class='ocrx_word' id='word_1_154' title='bbox 596 3124 765 3187; x_wconf 92' lang='lat' dir='ltr'><strong>mini</strong></span> <span class='ocrx_word' id='word_1_155' title='bbox 804 3124 888 3187; x_wconf 84' lang='lat' dir='ltr'><strong>sit</strong></span> <span class='ocrx_word' id='word_1_156' title='bbox 926 3124 1311 3187; x_wconf 83' lang='lat' dir='ltr'><strong>dissertatio.</strong></span> <span class='ocrx_word' id='word_1_157' title='bbox 1355 3121 1601 3203; x_wconf 78' lang='lat' dir='ltr'><strong>Quodsi</strong></span> <span class='ocrx_word' id='word_1_158' title='bbox 1640 3142 1776 3185; x_wconf 87' lang='lat' dir='ltr'><strong>non</strong></span> <span class='ocrx_word' id='word_1_159' title='bbox 1811 3121 2014 3185; x_wconf 85' lang='lat' dir='ltr'><strong>nimis</strong></span> <span class='ocrx_word' id='word_1_160' title='bbox 2053 3138 2162 3183; x_wconf 87' lang='lat' dir='ltr'><strong>me</strong></span> <span class='ocrx_word' id='word_1_161' title='bbox 2200 3140 2239 3183; x_wconf 91' lang='lat' dir='ltr'><strong>a</strong></span> <span class='ocrx_word' id='word_1_162' title='bbox 2278 3138 2468 3202; x_wconf 88' lang='lat' dir='ltr'><strong>scopo</strong></span> <span class='ocrx_word' id='word_1_163' title='bbox 2493 3118 2840 3182; x_wconf 87' lang='lat' dir='ltr'><strong>aberrasse·</strong></span> 
     </span>
    </p>
   </div>
   <div class='ocr_carea' id='block_1_4' title="bbox 593 3244 2831 4458">
    <p class='ocr_par' dir='ltr' id='par_1_4' title="bbox 593 3244 2824 3582">
     <span class='ocr_line' id='line_1_22' title="bbox 593 3244 2821 3331; baseline -0.002 -22"><span class='ocrx_word' id='word_1_164' title='bbox 593 3249 1039 3311; x_wconf 86' lang='lat' dir='ltr'><strong>aestimabunt</strong></span> <span class='ocrx_word' id='word_1_165' title='bbox 1111 3249 1180 3325; x_wconf 87' lang='lat' dir='ltr'><strong>ii,</strong></span> <span class='ocrx_word' id='word_1_166' title='bbox 1257 3267 1456 3331; x_wconf 85' lang='lat' dir='ltr'><strong>penes</strong></span> <span class='ocrx_word' id='word_1_167' title='bbox 1524 3266 1689 3329; x_wconf 86' lang='lat' dir='ltr'><strong>quos</strong></span> <span class='ocrx_word' id='word_1_168' title='bbox 1748 3247 1985 3309; x_wconf 82' lang='lat' dir='ltr'><strong>harum</strong></span> <span class='ocrx_word' id='word_1_169' title='bbox 2044 3264 2266 3309; x_wconf 89' lang='lat' dir='ltr'><strong>rerum</strong></span> <span class='ocrx_word' id='word_1_170' title='bbox 2330 3248 2425 3309; x_wconf 86' lang='lat' dir='ltr'><strong>est</strong></span> <span class='ocrx_word' id='word_1_171' title='bbox 2482 3244 2821 3319; x_wconf 90' lang='lat' dir='ltr'><strong>iudicium,</strong></span> 
     </span>
     <span class='ocr_line' id='line_1_23' title="bbox 599 3368 2824 3455; baseline -0.004 -18"><span class='ocrx_word' id='word_1_172' title='bbox 599 3373 771 3437; x_wconf 86' lang='lat' dir='ltr'><strong>haud</strong></span> <span class='ocrx_word' id='word_1_173' title='bbox 829 3373 1190 3455; x_wconf 83' lang='lat' dir='ltr'><strong>poenitebit</strong></span> <span class='ocrx_word' id='word_1_174' title='bbox 1249 3392 1357 3437; x_wconf 89' lang='lat' dir='ltr'><strong>me</strong></span> <span class='ocrx_word' id='word_1_175' title='bbox 1416 3391 1630 3454; x_wconf 86' lang='lat' dir='ltr'><strong>neque</strong></span> <span class='ocrx_word' id='word_1_176' title='bbox 1690 3371 2005 3454; x_wconf 86' lang='lat' dir='ltr'><strong>temporis</strong></span> <span class='ocrx_word' id='word_1_177' title='bbox 2064 3388 2276 3452; x_wconf 89' lang='lat' dir='ltr'><strong>neque</strong></span> <span class='ocrx_word' id='word_1_178' title='bbox 2336 3368 2581 3432; x_wconf 88' lang='lat' dir='ltr'><strong>laboris</strong></span> <span class='ocrx_word' id='word_1_179' title='bbox 2626 3368 2695 3429; x_wconf 91' lang='lat' dir='ltr'><strong>in</strong></span> <span class='ocrx_word' id='word_1_180' title='bbox 2744 3386 2824 3429; x_wconf 89' lang='lat' dir='ltr'><strong>ea</strong></span> 
     </span>
     <span class='ocr_line' id='line_1_24' title="bbox 593 3495 1498 3582; baseline 0 -19"><span class='ocrx_word' id='word_1_181' title='bbox 593 3495 1059 3563; x_wconf 83' lang='lat' dir='ltr'><strong>conscribenda</strong></span> <span class='ocrx_word' id='word_1_182' title='bbox 1105 3500 1498 3582; x_wconf 75' lang='lat' dir='ltr'><strong>consumptI.</strong></span> 
     </span>
    </p>

    <p class='ocr_par' dir='ltr' id='par_1_5' title="bbox 595 3619 2831 4458">
     <span class='ocr_line' id='line_1_25' title="bbox 683 3619 2827 3711; baseline -0.003 -22"><span class='ocrx_word' id='word_1_183' title='bbox 683 3628 716 3711; x_wconf 64' lang='grc' dir='ltr'>ξ</span> <span class='ocrx_word' id='word_1_184' title='bbox 765 3630 823 3691; x_wconf 75' lang='grc'><strong>2.</strong></span> <span class='ocrx_word' id='word_1_185' title='bbox 874 3626 1251 3709; x_wconf 87' lang='lat' dir='ltr'><strong>Antequam</strong></span> <span class='ocrx_word' id='word_1_186' title='bbox 1297 3626 1701 3709; x_wconf 86' lang='lat' dir='ltr'><strong>propositum</strong></span> <span class='ocrx_word' id='word_1_187' title='bbox 1754 3645 1976 3688; x_wconf 91' lang='lat' dir='ltr'><strong>meum</strong></span> <span class='ocrx_word' id='word_1_188' title='bbox 2023 3622 2382 3707; x_wconf 85' lang='lat' dir='ltr'><strong>aggrediar,</strong></span> <span class='ocrx_word' id='word_1_189' title='bbox 2428 3619 2625 3703; x_wconf 90' lang='lat' dir='ltr'><strong>paulo</strong></span> <span class='ocrx_word' id='word_1_190' title='bbox 2671 3620 2827 3684; x_wconf 85' lang='lat' dir='ltr'><strong>ube-</strong></span> 
     </span>
     <span class='ocr_line' id='line_1_26' title="bbox 596 3744 2825 3829; baseline -0.004 -13"><span class='ocrx_word' id='word_1_191' title='bbox 596 3754 733 3816; x_wconf 79' lang='lat' dir='ltr'><strong>rius</strong></span> <span class='ocrx_word' id='word_1_192' title='bbox 805 3752 1150 3816; x_wconf 88' lang='lat' dir='ltr'><strong>dicendum</strong></span> <span class='ocrx_word' id='word_1_193' title='bbox 1217 3753 1339 3815; x_wconf 82' lang='lat' dir='ltr'><strong>erit</strong></span> <span class='ocrx_word' id='word_1_194' title='bbox 1401 3752 1479 3814; x_wconf 88' lang='lat' dir='ltr'><strong>de</strong></span> <span class='ocrx_word' id='word_1_195' title='bbox 1541 3751 1847 3829; x_wconf 76' lang='lat' dir='ltr'><strong>sontibu8‚</strong></span> <span class='ocrx_word' id='word_1_196' title='bbox 1910 3750 2084 3813; x_wconf 88' lang='lat' dir='ltr'><strong>unde</strong></span> <span class='ocrx_word' id='word_1_197' title='bbox 2146 3747 2494 3811; x_wconf 86' lang='lat' dir='ltr'><strong>materiam</strong></span> <span class='ocrx_word' id='word_1_198' title='bbox 2558 3744 2825 3829; x_wconf 86' lang='lat' dir='ltr'><strong>sumpsi.</strong></span> 
     </span>
     <span class='ocr_line' id='line_1_27' title="bbox 601 3870 2828 3961; baseline -0.004 -20"><span class='ocrx_word' id='word_1_199' title='bbox 601 3878 932 3961; x_wconf 87' lang='lat' dir='ltr'><strong>Singulari</strong></span> <span class='ocrx_word' id='word_1_200' title='bbox 979 3878 1156 3942; x_wconf 88' lang='lat' dir='ltr'><strong>enim</strong></span> <span class='ocrx_word' id='word_1_201' title='bbox 1205 3897 1336 3959; x_wconf 85' lang='lat' dir='ltr'><strong>qua</strong></span> <span class='ocrx_word' id='word_1_202' title='bbox 1383 3883 1478 3940; x_wconf 87' lang='lat' dir='ltr'><strong>est</strong></span> <span class='ocrx_word' id='word_1_203' title='bbox 1525 3875 1989 3940; x_wconf 86' lang='lat' dir='ltr'><strong>benevolentia</strong></span> <span class='ocrx_word' id='word_1_204' title='bbox 2032 3874 2138 3936; x_wconf 89' lang='lat' dir='ltr'><strong>vir</strong></span> <span class='ocrx_word' id='word_1_205' title='bbox 2175 3873 2254 3937; x_wconf 92' lang='lat' dir='ltr'><strong>cl.</strong></span> <span class='ocrx_word' id='word_1_206' title='bbox 2294 3872 2471 3937; x_wconf 86' lang='lat' dir='ltr'><strong>Kern</strong></span> <span class='ocrx_word' id='word_1_207' title='bbox 2511 3870 2828 3954; x_wconf 83' lang='lat' dir='ltr'><strong>discipulo</strong></span> 
     </span>
     <span class='ocr_line' id='line_1_28' title="bbox 595 3995 2829 4084; baseline -0.004 -18"><span class='ocrx_word' id='word_1_208' title='bbox 595 4021 729 4067; x_wconf 85' lang='lat' dir='ltr'><strong>non</strong></span> <span class='ocrx_word' id='word_1_209' title='bbox 784 4004 995 4066; x_wconf 84' lang='lat' dir='ltr'><strong>solum</strong></span> <span class='ocrx_word' id='word_1_210' title='bbox 1043 4022 1410 4084; x_wconf 87' lang='lat' dir='ltr'><strong>numquam</strong></span> <span class='ocrx_word' id='word_1_211' title='bbox 1460 4002 1663 4065; x_wconf 86' lang='lat' dir='ltr'><strong>defuit</strong></span> <span class='ocrx_word' id='word_1_212' title='bbox 1710 4001 1907 4065; x_wconf 89' lang='lat' dir='ltr'><strong>hocce</strong></span> <span class='ocrx_word' id='word_1_213' title='bbox 1954 3998 2341 4082; x_wconf 87' lang='lat' dir='ltr'><strong>opusculum</strong></span> <span class='ocrx_word' id='word_1_214' title='bbox 2388 3995 2829 4079; x_wconf 88' lang='lat' dir='ltr'><strong>componenti,</strong></span> 
     </span>
     <span class='ocr_line' id='line_1_29' title="bbox 596 4119 2831 4201; baseline -0.005 -9"><span class='ocrx_word' id='word_1_215' title='bbox 596 4149 830 4192; x_wconf 84' lang='lat' dir='ltr'><strong>verum</strong></span> <span class='ocrx_word' id='word_1_216' title='bbox 878 4130 1078 4192; x_wconf 90' lang='lat' dir='ltr'><strong>etiam</strong></span> <span class='ocrx_word' id='word_1_217' title='bbox 1125 4148 1277 4191; x_wconf 90' lang='lat' dir='ltr'><strong>cum</strong></span> <span class='ocrx_word' id='word_1_218' title='bbox 1325 4128 1490 4190; x_wconf 84' lang='lat' dir='ltr'><strong>alios</strong></span> <span class='ocrx_word' id='word_1_219' title='bbox 1534 4126 1739 4189; x_wconf 88' lang='lat' dir='ltr'><strong>libros</strong></span> <span class='ocrx_word' id='word_1_220' title='bbox 1784 4124 2250 4201; x_wconf 87' lang='lat' dir='ltr'><strong>commodavit,</strong></span> <span class='ocrx_word' id='word_1_221' title='bbox 2297 4128 2442 4186; x_wconf 89' lang='lat' dir='ltr'><strong>tum</strong></span> <span class='ocrx_word' id='word_1_222' title='bbox 2489 4141 2601 4184; x_wconf 86' lang='lat' dir='ltr'><strong>sex</strong></span> <span class='ocrx_word' id='word_1_223' title='bbox 2642 4119 2831 4183; x_wconf 86' lang='lat' dir='ltr'><strong>libris</strong></span> 
     </span>
     <span class='ocr_line' id='line_1_30' title="bbox 597 4243 2827 4335; baseline -0.005 -18"><span class='ocrx_word' id='word_1_224' title='bbox 597 4254 1062 4335; x_wconf 85' lang='lat' dir='ltr'><strong>manuscriptis</strong></span> <span class='ocrx_word' id='word_1_225' title='bbox 1099 4253 1310 4334; x_wconf 87' lang='lat' dir='ltr'><strong>iisque</strong></span> <span class='ocrx_word' id='word_1_226' title='bbox 1348 4252 1524 4314; x_wconf 88' lang='lat' dir='ltr'><strong>haud</strong></span> <span class='ocrx_word' id='word_1_227' title='bbox 1562 4250 1785 4333; x_wconf 89' lang='lat' dir='ltr'><strong>exigui</strong></span> <span class='ocrx_word' id='word_1_228' title='bbox 1824 4248 2148 4312; x_wconf 85' lang='lat' dir='ltr'><strong>momenti</strong></span> <span class='ocrx_word' id='word_1_229' title='bbox 2171 4252 2246 4310; x_wconf 88' lang='lat' dir='ltr'><strong>ut</strong></span> <span class='ocrx_word' id='word_1_230' title='bbox 2271 4251 2489 4309; x_wconf 87' lang='lat' dir='ltr'><strong>uterer</strong></span> <span class='ocrx_word' id='word_1_231' title='bbox 2510 4243 2827 4328; x_wconf 88' lang='lat' dir='ltr'><strong>permisit.</strong></span> 
     </span>
     <span class='ocr_line' id='line_1_31' title="bbox 597 4369 2827 4458; baseline -0.005 -13"><span class='ocrx_word' id='word_1_232' title='bbox 597 4383 700 4445; x_wconf 86' lang='lat' dir='ltr'><strong>Ex</strong></span> <span class='ocrx_word' id='word_1_233' title='bbox 760 4381 862 4442; x_wconf 89' lang='lat' dir='ltr'><strong>his</strong></span> <span class='ocrx_word' id='word_1_234' title='bbox 919 4380 1048 4443; x_wconf 91' lang='lat' dir='ltr'><strong>duo</strong></span> <span class='ocrx_word' id='word_1_235' title='bbox 1107 4382 1260 4442; x_wconf 88' lang='lat' dir='ltr'><strong>sunt</strong></span> <span class='ocrx_word' id='word_1_236' title='bbox 1317 4374 2277 4458; x_wconf 69' lang='lat' dir='ltr'><strong>Paraskara-grhyasfitrorum.</strong></span> <span class='ocrx_word' id='word_1_237' title='bbox 2331 4371 2520 4436; x_wconf 89' lang='lat' dir='ltr'><strong>Alter</strong></span> <span class='ocrx_word' id='word_1_238' title='bbox 2564 4371 2645 4435; x_wconf 77' lang='lat'><strong>37</strong></span> <span class='ocrx_word' id='word_1_239' title='bbox 2691 4369 2827 4434; x_wconf 88' lang='lat' dir='ltr'><strong>foll.</strong></span> 
     </span>
    </p>
   </div>
   <div class='ocr_carea' id='block_1_5' title="bbox 3281 1577 3302 5111">
    <p class='ocr_par' dir='ltr' id='par_1_6' title="bbox 3281 1577 3302 5111">
     <span class='ocr_line' id='line_1_32' title="bbox 3281 1577 3302 5111; baseline 0 0"><span class='ocrx_word' id='word_1_240' title='bbox 3281 1577 3302 5111; x_wconf 95' lang='lat' dir='ltr'><strong> </strong></span> 
     </span>
    </p>
   </div>
   <div class='ocr_carea' id='block_1_6' title="bbox 3281 1577 3302 5111">
    <p class='ocr_par' dir='ltr' id='par_1_7' title="bbox 3281 1577 3302 5111">
     <span class='ocr_line' id='line_1_33' title="bbox 3281 1577 3302 5111; baseline 0 0"><span class='ocrx_word' id='word_1_241' title='bbox 3281 1577 3302 5111; x_wconf 95' lang='lat' dir='ltr'><strong> </strong></span> 
     </span>
    </p>
   </div>
  </div>
 </body>
</html>
