3325 5200
1560 603 1640 666 45

486 821 608 880 stet
672 813 744 899 1).
803 817 980 879 Solet
1039 822 1260 878 autem
1323 816 1619 879 invocari
1682 815 1842 877 luna
1885 815 1957 876 in
2018 802 2344 912 plerisque
2391 816 2710 898 precibuS,

379 1021 382 1026 Ι
485 961 655 1024 quae
715 943 1075 1006 liberorum
1145 943 1576 1006 creandorum
1640 961 1837 1004 causa
1884 942 2069 1004 fiunt.
2116 977 2202 986 —-
2250 940 2474 1005 Altero
2522 961 2711 1004 versu

483 1066 833 1129 daemones
877 1067 1240 1148 placantur,
1288 1068 1782 1149 conceptionem
1842 1071 1905 1129 et
1952 1071 2215 1148 partum
2264 1067 2709 1148 impedientes,

485 1188 748 1273 Optime
786 1193 1064 1256 conferri
1103 1197 1312 1275 potest
1353 1191 1504 1255 Ath.
1549 1192 1711 1255 Ved.
1754 1193 1999 1269 XVIII,
2042 1193 2099 1269 6,
2142 1192 2456 1255 exhibens
2494 1193 2717 1255 incan-

486 1316 804 1379 tationem
865 1289 1284 1394 daemonum,
1346 1336 1430 1380 ne
1490 1318 1695 1380 fetum
1755 1337 1839 1379 ne
1896 1322 2129 1379 natum
2177 1316 2461 1379 laedant.
2514 1318 2715 1379 Plura

488 1443 566 1505 de
620 1443 719 1504 his
769 1441 1200 1506 daemonibus
1253 1443 1606 1524 quominus
1657 1442 1979 1524 disputem
2038 1443 2229 1525 spatii
2293 1447 2356 1505 et
2406 1443 2715 1524 temporis

488 1567 806 1648 angustiis
849 1567 1219 1649 prohibeor.

572 1683 1058 1777 XcvalayanuS,
1097 1694 1214 1756 ubi
1251 1693 1330 1756 de
1366 1694 1654 1775 parvano
1694 1695 1849 1776 agit,
1874 1693 2091 1756 nullas
2116 1694 2492 1758 huiusmodi
2518 1695 2715 1757 tradit

488 1837 725 1900 preces,
765 1819 875 1882 sed
911 1819 945 1902 ᾧ
996 1820 1077 1881 12
1131 1819 1204 1900 (I,
1254 1818 1359 1902 10)
1409 1820 1583 1882 inter
1619 1820 1751 1881 alia
1798 1824 1950 1884 vota
1988 1825 2052 1882 et
2091 1820 2451 1884 liberorum
2490 1825 2563 1884 ut
2613 1823 2724 1883 fiat

488 1947 690 2025 pater,
752 1943 1221 2024 paterfamilias
1279 1949 1609 2025 precatur:
1680 1992 2105 2019 ...........
2168 1943 2429 2006 ed'smdn
2461 1944 2734 2028 prajayd

471 2066 768 2148 paqublcir
810 2068 1710 2151 brahmavarcasend’nndcffena
1754 2069 2168 2153 samedkayass’

577 2193 684 2256 In·
716 2172 955 2276 crautis
1015 2212 1275 2275 quoque
1335 2195 1536 2276 prolis
1589 2195 1842 2277 cupidis
1889 2215 2006 2257 sua
2050 2196 2365 2259 sacrificia
2413 2214 2720 2277 peragere

491 2320 663 2382 licet.
724 2318 919 2401 Apud
979 2313 1237 2408 Qankh.
1303 2318 1434 2408 (Cr.
1489 2319 1540 2398 I,
1593 2321 1694 2399 15,
1745 2321 1807 2404 3)
1872 2321 1942 2382 in
2000 2341 2280 2385 numero
2340 2321 2723 2403 patisamya·

483 2448 728 2528 jorum,
769 2446 885 2526 qui
923 2445 1355 2527 appellantur,
1396 2451 1471 2508 ut
1511 2447 1737 2509 offerat
1767 2427 1938 2509 dona
1962 2446 2192 2508 Rakae
2222 2446 2476 2528 (plenae
2499 2445 2720 2528 lunae)

492 2576 555 2633 et
617 2569 896 2633 Sinivali
957 2569 1102 2652 (hoc
1146 2572 1415 2635 nomine
1463 2571 1831 2653 appellatur
1878 2573 2038 2634 luna
2086 2590 2161 2634 eo
2210 2572 2334 2649 die,
2382 2573 2494 2654 qui
2542 2591 2723 2654 prae-

491 2696 661 2759 cedit
718 2697 1012 2779 novam),
1075 2696 1156 2773 ei,
1217 2697 1334 2777 qui
1394 2696 1635 2759 liberos
1682 2698 2114 2778 concupiscat,
2161 2697 2451 2778 permitti
2497 2702 2733 2761 auctor-

493 2826 588 2885 est
650 2821 894 2884 Weber
957 2822 1049 2884 St.
1111 2820 1163 2885 I.
1227 2822 1306 2899 V,
1367 2841 1512 2903 pag.
1577 2824 1725 2885 228.
1784 2822 1955 2883 Tum
2001 2822 2515 2903 pronuntiantur
2558 2822 2723 2905 Rgv.

491 2946 572 3023 ΙΙ,
639 2947 743 3025 32,
805 2946 974 3009 4—7
1035 2972 1118 3006 z:
1165 2946 1319 3009 Ath.
1369 2947 1531 3010 Ved.
1579 2947 1725 3024 VII,
1767 2949 1869 3025 48,
1920 2948 1954 3008 1
2006 2967 2103 3030 sq,
2153 2948 2256 3026 46,
2310 2950 2341 3009 1
2392 2966 2485 3030 sq.
2534 2945 2726 3027 Quod

492 3090 687 3153 supra
749 3072 906 3149 dixi,
970 3072 1145 3157 haud
1203 3092 1350 3136 raro
1413 3073 1771 3135 sententias
1832 3076 2249 3135 mantrorum
2303 3074 2399 3136 ita
2444 3052 2725 3138 detortas

492 3214 628 3259 esse
672 3197 903 3275 videri,
951 3201 1027 3259 ut
1071 3198 1459 3261 ceremoniis
1503 3197 1901 3279 quibusdam
1941 3199 2615 3277 accommodarentur,
2654 3199 2725 3261 in

493 3320 613 3397 his,
662 3320 733 3382 ni
779 3320 989 3399 fallor,
1037 3321 1255 3384 locum
1302 3321 1521 3385 habet.
2186 3403 2190 3407 .

580 3444 808 3506 Multis
855 3446 933 3509 de
978 3447 1189 3509 causis
1228 3446 1442 3509 filium
1485 3446 1610 3509 sibi
1649 3448 1830 3510 nasci
1868 3448 2130 3511 malunt
2167 3450 2492 3531 coniugeS,
2525 3467 2726 3530 quam

491 3569 699 3631 filiam
748 3566 798 3653 2)
812 3594 832 3647 3
877 3589 1094 3653 neque
1140 3571 1375 3634 desunt
1417 3590 1656 3653 preces,
1704 3572 1946 3654 quibus
1990 3573 2183 3635 illum
2228 3592 2271 3635 a
2318 3572 2442 3634 diis
2477 3576 2725 3655 petant.

491 3694 568 3756 In
613 3695 1067 3777 gai-bhadhani
1117 3696 1607 3779 (conceptionis)
1657 3698 2030 3787 ceremonia
2074 3716 2130 3761 e.
2177 3718 2238 3780 g.
2292 3697 2725 3780 pronuntiant

408 3866 414 3872 .
491 3818 646 3883 Ath.
695 3819 812 3898 ΠΙ,
865 3820 967 3897 23,
1019 3822 1074 3885 2.
1105 3839 1242 3902 sqq.
1297 3903 1304 3909 .

555 4176 594 4240 1)
631 4173 803 4228 Simili
835 4174 987 4227 modo
1018 4174 1166 4227 Luna
1199 4174 1492 4243 appellatur
1527 4176 1777 4244 Udupati‚
1810 4176 2052 4245 Bhapati‚
2089 4176 2397 4247 Rksharfija,
2434 4180 2531 4231 cet.

475 4285 478 4288 ·
557 4267 598 4332 2)
637 4266 753 4319 Vid.
800 4266 1012 4333 strophe
1057 4281 1213 4335 quam
1261 4265 1472 4320 exhibet
1515 4253 1641 4319 Max
1685 4266 1888 4331 Mfiuer,
1937 4268 2075 4320 Hist.
2122 4268 2180 4321 of
2210 4268 2340 4321 Anc.
2376 4268 2585 4323 Sanskr.
2618 4268 2726 4323 Lit.

490 4372 604 4424 pag.
647 4358 763 4410 409.
802 4356 995 4424 Lepide
1035 4357 1146 4411 illic
1193 4360 1248 4411 et
1292 4358 1482 4411 festive
1513 4358 1695 4425 paucis
1729 4359 1903 4412 verbis
1936 4359 2176 4413 miseriae
2213 4360 2556 4428 stringuntur,
2593 4376 2725 4429 quae
2797 4402 2805 4410 .

491 4446 692 4515 puellae
727 4450 930 4515 patrem
963 4450 1234 4516 premant..
2203 4455 2209 4460 '
