3325 5200
1673 567 1752 629 96

594 767 839 828 versus,
897 755 1221 832 quantuni
1270 771 1390 835 ego
1436 753 1589 830 seio,
1634 773 1770 818 non
1816 755 1988 818 inest
2031 756 2102 818 in
2150 758 2428 821 sanhitis
2474 753 2546 844 ¹),
2597 781 2830 826 verum

592 882 663 943 in
710 868 936 963 ‘Apast
980 899 1169 964 pray.
1219 879 1387 962 (pag.
1416 874 1534 942 llb
1568 879 1638 942 in
1663 880 1816 962 fine)
1861 881 2166 946 mirabile
2204 883 2384 947 dictu
2423 885 2494 948 iu
2538 887 2830 950 medium

588 1008 823 1072 incidit
864 1006 1255 1090 nuptiarum
1299 1011 1810 1070 sacramentum.
1859 1006 2136 1071 Iniuria.
2184 1007 2492 1092 Namque
2537 1012 2658 1077 hoe
2708 1012 2833 1075 sal·

594 1139 728 1197 tem
761 1151 1031 1197 carmen
1066 1131 1350 1214 profecto
1378 1130 1762 1214 jatakarma
1797 1137 2066 1214 spectat.
2105 1133 2619 1218 Distinguuntur
2651 1138 2832 1202 enim

594 1265 841 1323 aetates
886 1265 1015 1324 tres
1024 1283 1043 1336 3
1088 1258 1309 1320 infans
1341 1257 1776 1340 protegendus
1815 1258 2122 1336 Savitari‚
2167 1259 2512 1344 Brhaspati
2553 1262 2834 1326 traditur

592 1404 757 1468 puer
805 1384 949 1448 ⁴iam
1007 1383 1237 1448 matris
1284 1382 1451 1446 laete
1498 1382 1714 1446 maior
1757 1401 1964 1466 usque
2008 1384 2091 1447 ad
2137 1403 2632 1468 upanayanum,
2679 1388 2832 1452 inde

594 1510 681 1574 ab
719 1527 1137 1592 upanayano‚
1176 1512 1250 1571 ut
1294 1526 1451 1571 eum
1500 1525 1730 1570 omnes
1769 1507 1860 1570 dii
1905 1512 2184 1586 servent,
2229 1509 2524 1574 carmine
2565 1512 2832 1593 petitur.

596 1635 1087 1718 Upanayanum
1149 1632 1323 1709 dico,
1370 1631 1611 1715 quippe
1658 1632 1848 1697 euius
1893 1635 2290 1698 sacramenti
2335 1653 2485 1718 pars
2531 1641 2625 1699 est
2671 1637 2834 1700 ami·

597 1779 740 1824 cere
797 1765 1057 1824 vestum
1120 1755 1194 1842 2).
1259 1758 1337 1822 In
1397 1758 1615 1840 prima
1676 1759 1904 1842 regula
1964 1758 2206 1821 vitium
2269 1759 2479 1824 inesse
2524 1762 2833 1844 suspicor,

592 1885 751 1948 lieet
808 1885 987 1948 enim
1044 1884 1441 1966 ignorarem,
1487 1883 1646 1965 quid
1691 1883 1820 1946 sibi
1865 1883 2066 1948 vellet
2107 1884 2374 1948 dorsum
2418 1884 2828 1967 potissimum

596 2011 700 2074 dei
738 2029 934 2073 eurae
970 2008 1383 2088 mandatum,
1420 2012 1708 2072 aetatem
1746 2009 1936 2089 pueri
1971 2027 2107 2072 non
2144 2010 2431 2092 eorporis
2458 2011 2832 2074 membrum

597 2140 670 2200 ut
716 2140 978 2198 tueatur
1024 2135 1270 2216 DyauS,
1316 2134 1594 2218 flagitari
1638 2139 2156 2198 consentaneum
2207 2139 2322 2200 est.

685 2261 863 2324 Haec
935 2258 1808 2342 Baudhayaniyaprayogua
1893 2259 2162 2324 Gobhili
2245 2266 2310 2324 et
2391 2259 2832 2348 Qankhayani

599 2387 873 2450 uberam
918 2391 1205 2469 segetem
1252 2385 1573 2468 attingere
1621 2404 1756 2448 uon
1801 2385 2010 2448 licuit.
2055 2385 2392 2469 Perpauea
2427 2405 2508 2450 ea
2541 2387 2832 2466 afferam,

600 2530 771 2594 quae
830 2530 870 2574 a
939 2511 1220 2574 Webero
1286 2509 1440 2572 inde
1498 2509 1758 2592 prolata
1817 2509 1923 2574 hie
1981 2509 2122 2574 illie
2183 2511 2412 2592 carpsi.
2476 2510 2694 2594 Atque
2756 2512 2834 2576 de

600 2637 885 2702 Gobhilo
944 2636 1043 2699 nil
1098 2636 1335 2701 addere
1385 2654 1734 2719 possumus
1801 2636 1883 2698 iis
1949 2654 2122 2719 quae
2199 2654 2397 2718 supra
2485 2636 2654 2719 (pag.
2729 2637 2833 2720 67)

602 2782 683 2825 ex
721 2761 906 2827 Stud.
929 2761 1071 2825 Ind.
1096 2760 1178 2825 V.
1203 2780 1349 2845 pag.
1379 2762 1504 2823 362
1542 2761 1985 2825 laudavimus.
2025 2759 2349 2824 Narratur
2384 2762 2500 2840 ibi,
2533 2762 2604 2825 in
2642 2762 2839 2826 huius

597 2888 989 2971 grhyasutro
1052 2892 1334 2950 matrem
1396 2886 1648 2952 tradere
1702 2887 2020 2951 infantem
2068 2886 2261 2970 patri,
2313 2888 2651 2952 muttienti
2699 2906 2838 2951 ver·

600 3032 767 3091 sum,
806 3013 994 3077 euius
1032 3013 1247 3095 prima
1286 3013 1518 3076 verba:
1550 3018 1664 3096 glab
1705 3019 1760 3075 te
1796 3010 2027 3092 susi'me,
2069 3032 2462 3095 summoque
2501 3014 2647 3077 iure
2685 3013 2838 3076 inde

601 3138 847 3202 efficere
891 3138 1063 3217 licet,
1108 3138 1301 3203 sicuti
1346 3138 1520 3221 apud
1563 3126 2042 3221 Xevalayanos,
2089 3139 2185 3203 ita
2231 3139 2435 3204 etiam
2479 3139 2660 3221 apud
2713 3138 2838 3202 Go-

606 3262 855 3327 bhilum
921 3263 993 3325 in
1054 3264 1285 3326 matris
1352 3264 1633 3347 gremio·
1672 3264 1886 3327 iacere
1953 3283 2255 3346 puerum,
2325 3283 2476 3327 eum
2545 3264 2835 3347 primum

597 3388 820 3473 gustet
854 3389 1101 3453 eibum.
1161 3389 1533 3472 Praemium
1584 3391 1766 3453 enim
1813 3395 2071 3473 praeter
2120 3389 2308 3472 Nigri
2351 3389 2614 3473 Yajusis
2659 3390 2838 3453 seho-

600 3515 716 3593 183,
760 3514 974 3596 primo
1021 3514 1163 3577 loco
1210 3519 1283 3577 ut
1326 3514 1439 3612 fiat
1478 3515 1894 3599 praecipiunt
1931 3515 2148 3579 ceteri.
2198 3512 2456 3604 Qankh.
2485 3514 2642 3579 Grh.
2669 3514 2720 3593 I,
2755 3516 2838 3577 24,

670 3786 713 3848 ¹)
745 3782 942 3839 Eadem
986 3798 1127 3849 sane,
1174 3798 1358 3849 nempe
1408 3784 1663 3851 dyavshte
1691 3782 1972 3852 prshtham
2020 3782 2280 3851 incipiunt
2315 3798 2544 3846 carmen,
2577 3780 2715 3851 quod
2755 3796 2841 3835 ex·

603 3878 712 3928 stat
756 3875 809 3927 in
857 3874 1021 3927 Taitt.
1040 3872 1170 3927 Ved.
1188 3873 1281 3937 IV,
1304 3876 1346 3937 1,
1367 3862 1411 3936 2,
1434 3874 1481 3935 3,
1550 3875 1607 3927 at
1678 3876 1852 3927 cetera
1901 3872 2268 3927 diversissima.
2325 3872 2506 3941 Neque
2567 3872 2842 3941 prshtham

603 3965 862 4033 (dorsum)
908 3964 987 4018 ibi
1038 3964 1433 4018 commendatur
1464 3964 1639 4028 Coele,
1677 3980 1857 4017 verum
1894 3980 2016 4017 casu
2051 3980 2188 4017 nom.
2231 3963 2463 4032 positum
2497 3961 2663 4030 ipsius
2697 3976 2848 4029 prae·.

601 4038 847 4111 dicatum'
878 4060 961 4111 est
1010 4056 1179 4121 Coeli3
1237 4054 1448 4109 additur
1502 4056 1643 4109 enim
1681 4056 1880 4125 prthz'vi
1932 4056 2238 4108 sudastham
2299 4055 2442 4107 ᾶτιπᾶ
2498 4053 2842 4107 'ntarilcsham

601 4150 881 4201 samudras
924 4157 970 4203 te
1012 4147 1173 4217 yonih
1208 4163 1319 4217 sqq.
1353 4146 1473 4201 Non
1504 4151 1687 4201 tamen
1719 4145 2102 4209 affirmaverim,
2138 4145 2254 4201 fieri
2293 4161 2397 4198 non
2433 4160 2601 4213 posse,
2636 4147 2698 4197 nt
2730 4146 2842 4197 tam

601 4239 772 4292 aliena
804 4238 963 4292 verba
996 4254 1175 4291 ansam
1208 4238 1449 4291 dederint
1482 4237 1657 4291 versui
1691 4237 1755 4301 ei,
1792 4252 1947 4305 quem
1984 4235 2233 4290 exhibent
2270 4234 2499 4305 prayogi.

666 4334 710 4398 ²>
750 4330 877 4384 Inde
920 4331 1026 4385 iam
1069 4330 1338 4399 intellego,
1388 4328 1512 4398 quid
1558 4329 1734 4383 versui
1773 4331 1956 4383 nostro
2011 4343 2128 4382 eum
2183 4326 2404 4395 nuptiis.
2443 4325 2682 4395 Namque
2719 4329 2776 4379 et
2811 4342 2842 4379 a

602 4436 735 4475 novo
768 4420 959 4475 marito
993 4423 1210 4483 vestem,
1244 4436 1399 4489 quam
1432 4420 1661 4484 amiciet,
1699 4418 1890 4487 accipit
1925 4433 2069 4473 uxor.
