3325 5200
1379 609 1461 670 53

283 819 448 881 with
523 819 666 882 that
733 819 954 882 sacred
1013 823 1079 882 to
1137 818 1489 902 Prajapati.
1549 819 1669 882 Let
1735 838 1777 881 a
1843 819 2177 881 Brahman
2236 820 2515 902 perform

283 944 440 1006 such
489 962 528 1006 a
565 941 878 1032 Qraddha
920 943 1085 1006 with
1131 943 1220 1006 all
1265 944 1349 1006 its
1395 944 1695 1026 offerings
1740 943 1871 1005 and
1916 943 2516 1014 circumambulati-

284 1087 402 1132 ons
463 1087 550 1131 on
596 1087 796 1150 every
836 1068 1133 1132 occasion
1171 1071 1242 1132 of
1268 1069 1436 1151 good
1473 1067 1804 1132 fortune”.
1844 1067 1922 1130 In
1962 1031 2519 1149 annotationibus,

283 1193 524 1274 quibus
583 1194 952 1257 versionem
1018 1213 1202 1257 suam
1269 1194 1644 1272 illustravit,
1709 1182 1967 1258 W'ilson
2029 1194 2330 1273 ostendit,
2398 1196 2519 1260 hoc

283 1317 427 1380 loco
511 1315 1066 1401 nandicraddham
1141 1319 1490 1402 significari
1561 1325 1628 1383 et'
1694 1289 2259 1402 abhyudayi'kam.
2328 1322 2521 1400 „The

282 1440 838 1506 Nandimukhas”
884 1444 996 1521 ait,
1046 1463 1210 1521 „are
1257 1464 1326 1508 so
1373 1444 1698 1508 termined
1744 1445 1896 1508 here
1942 1445 2109 1508 from
2157 1445 2372 1509 words
2419 1465 2520 1510 oc-

285 1568 552 1649 curring
609 1568 680 1630 in
742 1568 851 1632 the
912 1589 1169 1651 prayer,
1231 1569 1389 1632 used
1435 1588 1522 1633 on
1582 1569 1692 1632 the
1754 1569 2052 1633 occasion
2098 1569 2171 1634 of
2209 1589 2250 1632 a
2294 1565 2521 1634 festive

285 1690 590 1781 Graddha
638 1691 772 1774 (As.
821 1693 971 1757 Res.
1019 1693 1164 1771 VII,
1213 1693 1440 1778 270)”.

373 1816 518 1879 Iam
561 1817 633 1880 in
672 1818 963 1881 medium
1004 1818 1386 1881 devenimus
1413 1819 1812 1901 jatakarma.
1853 1818 1930 1881 In
1969 1837 2100 1899 quo
2140 1818 2521 1901 exponendo

285 1962 421 2006 non
460 1961 695 2024 sequor
735 1961 881 2006 eam
920 1943 1266 2019 rationem,
1306 1961 1506 2025 quam
1547 1943 1885 2026 proposuit
1920 1943 2118 2020 Haas,
2158 1943 2340 2008 Stud.
2379 1942 2521 2007 Ind.

286 2069 368 2146 V,
411 2067 534 2129 280
575 2087 711 2151 sqq.
725 2093 742 2146 ;
783 2069 835 2130 si
877 2068 1268 2138 enimrecte
1313 2068 1641 2150 intellego,
1689 2067 1849 2150 quid
1891 2067 2054 2131 velit
2110 2066 2207 2147 (in
2238 2066 2517 2150 speciem

289 2193 652 2257 dubitantis
697 2194 923 2277 magis,
969 2212 1170 2277 quam
1217 2193 1602 2272 affirmantis
1648 2193 1925 2276 disserit)
1974 2191 2169 2254 sutris
2214 2190 2412 2255 etiam
2466 2192 2519 2254 si

288 2289 686 2401 discrepent,
733 2319 828 2381 ita
887 2319 986 2381 uti
1049 2317 1241 2382 licere
1294 2289 1410 2395 ait,
1472 2320 1566 2395 ut,
1627 2335 1797 2400 quae
1857 2317 1929 2378 in
1981 2335 2115 2380 uno
2162 2315 2393 2394 desint,
2440 2297 2521 2379 ex

287 2444 492 2507 altero
570 2444 953 2536 substituas3
1030 2443 1310 2505 invicem
1393 2461 1459 2505 se
1531 2442 1866 2504 illustrare
1923 2441 2334 2523 grhyasutra,
2383 2460 2519 2504 non

288 2569 466 2634 enim
530 2588 752 2633 rerum
817 2557 1271 2633 enarratarum
1332 2572 1590 2646 natura,
1651 2586 1881 2631 verum
1946 2565 2221 2631 libidine
2266 2584 2517 2645 eorum,

286 2696 402 2777 qui
477 2714 554 2757 ea
621 2680 1124 2777 composuerint,
1188 2698 1406 2758 ortum
1470 2712 1602 2757 esse
1663 2697 1946 2771 tantum,
2007 2693 2183 2774 quod
2242 2693 2519 2772 videtur,

286 2820 656 2884 discrimen.
721 2818 810 2883 At
862 2819 1308 2883 demonstrare
1347 2818 1724 2901 supersedit,
1762 2838 1896 2909 non
1933 2836 2117 2903 posse
2152 2836 2291 2883 rem
2330 2817 2523 2881 aliter

285 2964 352 3008 se
399 2945 656 3024 habere,
695 2964 895 3027 quam
935 2944 1072 3026 ipse
1111 2944 1580 3027 excogitaverit
1619 2939 1694 3026 1).
1733 2941 1971 3007 Nostro
1994 2928 2164 3005 ‘vero
2198 2942 2439 3006 iudicio
2465 2930 2515 3025 ⁹)

284 3070 676 3153 grhyasutra
722 3070 1264 3133 commixtionem
1314 3089 1448 3133 non
1491 3068 1882 3146 admittunt3
1926 3068 2277 3150 separatim
2321 3067 2524 3150 igitur

285 3194 640 3257 secundum
690 3195 985 3257 ordinem
1033 3194 1302 3272 scholae,
1341 3213 1623 3276 quarum
1664 3194 1867 3256 ritum
1910 3211 2293 3304 cognoscere
2328 3192 2520 3256 nobis

285 3320 492 3398 licuit,
560 3320 1015 3401 producamus,
1076 3320 1249 3401 ipsas
1307 3319 1655 3382 audiamus
1715 3318 2000 3381 diversas
2043 3316 2523 3400 jatakarmanis

285 3444 527 3508 formas
566 3452 982 3526 exponentes.
1021 3444 1295 3508 Praeeat
1339 3444 1651 3527 magister
1692 3426 2180 3526 Xcvalfijanus.

374 3570 408 3654 ξ
457 3571 516 3634 1.
560 3570 633 3653 (Ι,
681 3571 782 3648 15,
825 3571 889 3654 1)
923 3570 1238 3633 kumdmm
1269 3570 1486 3654 jdtam
1516 3568 1693 3650 parci
1717 3567 1919 3652 ’nyctir
1960 3566 2257 3633 dlambhdt
2297 3566 2518 3649 saffir-

285 3694 576 3760 madhuw‘l
611 3695 1192 3780 bfranyanikdshaun
1241 3696 1577 3779 kiranyena
1605 3693 1895 3778 prdqayet

349 3927 389 3992 ¹)
427 3925 524 3978 Hi·
558 3941 705 3979 vero:
753 3926 908 3988 „Den
943 3925 1215 3989 Umstand‚
1252 3925 1371 3978 dass
1405 3912 1517 3977 sich
1551 3923 1693 3977 diese
1727 3924 1945 3977 Zusatzc
1982 3925 2075 3989 [sc.
2110 3923 2181 3988 ity
2215 3923 2328 3989 elce]
2362 3920 2519 3975 meist

281 4020 336 4073 in
379 4019 480 4073 den
523 4020 716 4073 andren
767 4020 924 4074 Sutra
955 4019 1261 4089 ausgefiihrt
1291 4018 1481 4080 finden,
1519 4016 1741 4070 braucht
1776 4032 1892 4068 man
1930 4015 2077 4068 nicht
2115 4032 2179 4069 zu
2214 4014 2383 4069 eiuem
2419 4013 2519 4066 Ar-

280 4112 500 4179 gument
541 4108 692 4164 dafiir
735 4127 799 4163 zu
842 4110 1073 4173 macheu,
1122 4109 1241 4163 dass
1286 4108 1378 4162 der
1421 4106 1768 4163 Unterschied
1809 4106 1902 4160 der
1940 4105 2166 4159 Schulen
2198 4105 2319 4158 kein
2351 4120 2519 4175 genau

280 4202 662 4271 festgestellter
707 4218 826 4266 war,
872 4202 1003 4255 etc.⁸'
1045 4200 1168 4267 (vid.
1215 4200 1287 4254 1.1.
1324 4216 1437 4269 pag.
1481 4199 1600 4265 282)
1641 4200 1735 4250 aut
1773 4196 1876 4250 sibi
1911 4196 2022 4265 ipse
2060 4195 2408 4249 contradicere
2441 4194 2519 4248 vi-

281 4292 451 4357 detur,
487 4296 580 4347 aut
612 4293 744 4363 preli
777 4309 949 4348 errore
984 4309 1044 4346 ea
1079 4293 1333 4346 laborant.
2166 4298 2173 4305 ·

347 4386 389 4451 ²)
431 4384 579 4450 Quod
613 4389 1019 4439 consentaneum
1052 4388 1136 4439 est
1170 4384 1234 4448 ei,
1273 4399 1428 4453 quam
1462 4396 1619 4449 supra
1655 4378 1721 4433 de
1755 4378 2185 4449 grhyasutrorum
2219 4380 2405 4455 natura
2434 4379 2520 4431 tu·

281 4476 438 4531 limus
472 4476 806 4531 sententiam.
