3325 5200
1346 584 1427 647 87

266 797 382 874 tia,
440 797 495 859 si
552 751 819 878 {uidem
876 797 1197 860 iudicium
1244 815 1447 880 quam
1496 797 1907 862 voluntatem
1955 798 2026 860 in
2073 799 2190 860 tali
2239 800 2533 881 negotio,
2650 802 2654 810 '

264 921 449 1003 sequi
514 925 819 1003 praestat.
883 921 1059 985 Vera
1130 921 1325 985 lectio
1389 940 1470 984 ex
1526 906 1763 1003 Xpast.
1845 923 2040 1003 Pray.
2104 924 2506 988 restituenda

264 1046 696 1129 expungendo
757 1047 1172 1130 negationem
1236 1068 1335 1125 na,
1382 1065 1553 1128 quae
1600 1047 1736 1109 iam
1783 1048 1951 1112 inest
1997 1047 2066 1111 in
2113 1049 2205 1110 nd
2238 1049 2504 1133 'marsatzss

268 1171 510 1254 quippe
571 1172 745 1254 quod
800 1160 1132 1235 dividatur
1192 1172 1261 1234 in
1318 1195 1397 1234 na
1452 1176 1517 1236 et
1568 1171 1837 1256 a‘mayati
1893 1221 1932 1250 ‚‚
1949 1179 2260 1256 aegrotat,
2317 1196 2506 1260 aegre

270 1302 367 1372 est
412 1295 547 1360 ei'’.

358 1421 461 1486 10.
507 1421 665 1504 &ab
711 1423 989 1503 suptesku
1016 1421 1273 1504 jayr-ata
1316 1423 1665 1487 raksbdmsi
1709 1423 1809 1486 nir
1853 1431 1953 1515 ato
1999 1418 2372 1492 mcdadkva'm

269 1547 347 1610 iti
389 1546 745 1630 kumdrasya
788 1547 959 1628 firah
1006 1547 1291 1629 samipam
1336 1549 1724 1630 udaparnam
1763 1549 2041 1633 nidhdya,
2080 1551 2125 1615 i.
2152 1571 2208 1615 e.
2251 1571 2506 1636 „prope-

256 1678 466 1755 -caput
522 1672 711 1755 pueri
760 1693 873 1735 vas
919 1674 1149 1737 statuit
1194 1692 1367 1755 aqua
1412 1673 1761 1756 repletum,
1811 1675 1914 1736 his
1953 1676 2200 1740 verbis:
2241 1695 2506 1760 „aquae

270 1799 751 1863 dormientibus
802 1798 1093 1882 vigilate,
1140 1799 1471 1862 maleficos
1516 1799 1866 1863 daemones
1916 1799 2304 1885 (rakska‘msz)
2355 1803 2508 1866 hinc

188 2011 191 2014 ἦ
271 1923 597 2007 expellite.

360 2047 547 2128 Quae
595 2037 978 2132 Kpastamb.
1024 2049 1220 2130 Pray.
1261 2050 1381 2112 sub
1422 2026 1480 2126 8,
1522 2051 1581 2126 9,
1623 2035 1706 2110 >10
1766 2040 1964 2113 tradit
2012 2051 2083 2112 in
2125 2051 2519 2146 universum·

274 2174 651 2256 conspirant
710 2194 862 2237 cuin
925 2175 1023 2251 iis,
1085 2193 1255 2257 quae
1302 2174 1587 2238 Pdrask.
1634 2180 1778 2258 post
1822 2182 2159 2258 peractum
2207 2179 2508 2261 stanapa-

274 2319 437 2363 num
519 2305 593 2364 ut
660 2302 822 2364 fiant
888 2301 1111 2365 edixit.
1183 2299 1716 2395 Consentaneum
1787 2302 2000 2386 magis
2065 2303 2161 2365 rei
2228 2309 2508 2368 naturae

274 2425 451 2506 apud
492 2425 685 2488 illum
730 2427 907 2490 inter
952 2425 1576 2509 bhdmydmantranam
1625 2425 1735 2507 (id,
1769 2427 1945 2509 quod
1967 2432 2208 2491 terram
2233 2429 2510 2510 alloqui-

278 2556 385 2615 tur
422 2553 629 2635 pater)
670 2557 734 2615 et
771 2573 1188 2633 samvepanam
1230 2551 1339 2634 (id,
1378 2552 1555 2635 quod
1593 2519 1669 2615 in⁴
1701 2552 2069 2617 dormiendi
2108 2553 2251 2619 loco
2286 2573 2510 2618 recens
2610 2616 2612 2618 ,

274 2682 509 2739 natum
570 2678 850 2761 reponit)
915 2697 1053 2741 non
1114 2696 1247 2741 esse
1308 2678 1757 2755 intervallum,
1819 2700 1979 2743 cum.
2010 2680 2096 2744 ab
2139 2680 2261 2745 hoe-
2307 2682 2509 2744 etiam
2627 2730 2638 2742 .

276 2808 427 2865 ante
472 2798 865 2883 stanapclnam
896 2808 1181 2885 ponatur
1210 2802 1854 2887 bku‘myci'mantranam.
1909 2806 2196 2882 Etenim,
2241 2804 2510 2887 perinde

275 2931 473 3010 atque
512 2932 811 3005 matrem,
854 2933 1209 3011 antequam
1249 2933 1405 2992 nato
1447 2948 1774 2992 mammas
1815 2929 2183 3009 admoveat,
2216 2932 2510 2994 carmine

276 3052 636 3135 alloquitur
681 3058 865 3136 pater
906 3052 1061 3134 (vid.
1088 3072 1304 3136 supra,
1324 3072 1469 3137 pag.
1500 3054 1581 3115 68
1606 3055 1750 3136 sq.),
1795 3052 1888 3118 sic
1932 3057 2178 3117 terram
2224 3055 2534 3143 invocat,¹

276 3182 629 3260 autequam
680 3180 1034 3242 cubantem
1080 3180 1372 3262 recipiat.

364 3304 545 3367 Haec
575 3306 927 3378 hactenus.
976 3305 1177 3369 Porro
1212 3305 1512 3388 progredi
1552 3326 1687 3368 non
1728 3305 1900 3369 licet.
1928 3306 2308 3393 Sequuntur
2329 3306 2508 3370 enim

280 3430 682 3493 daemonum
729 3429 1227 3508 incantationeS,
1275 3449 1445 3511 quae
1492 3435 1556 3493 et
1600 3431 1672 3493 in
1711 3430 1860 3493 Par.
1897 3432 2106 3514 grhyo
2134 3430 2514 3516 jatakarma

277 3555 615 3637 proprium
668 3554 1065 3637 excipientes
1110 3554 1285 3617 ultra
1332 3554 1558 3618 huisce
1601 3555 1814 3619 libelli
1860 3556 2186 3619 rationem
2231 3575 2366 3619 esse
2411 3576 2514 3619 su·

278 3698 397 3761 pra
440 3678 939 3743 declaravimus,
987 3678 1231 3741 Matris
1261 3678 1429 3743 lacte
1472 3683 1802 3752 saturatus
1847 3699 2010 3771 puer
2047 3699 2278 3746 somno
2319 3681 2512 3744 tradi·

282 3809 385 3866 tus
431 3822 471 3865 a
516 3803 947 3867 daemonibus
995 3810 1173 3867 tutus
1218 3804 1363 3868 finit
1399 3804 1799 3887 jatakarma.
1897 3858 1902 3862 ,

372 4056 677 4138 Superest
734 4040 1537 4139 Baudhayanaprayogssus.
1601 4056 1680 4119 In
1744 4076 1875 4139 quo
1937 4058 2074 4119 iam
2137 4056 2516 4121 notavimus

281 4200 415 4245 non
463 4200 580 4245 suo
625 4181 768 4245 loco
816 4182 1367 4275 esseflexpositum
1406 4180 1814 4264 jatakarma3
1860 4178 1983 4247 hoc
2029 4182 2208 4247 enim
2255 4180 2382 4265 agi,
2443 4186 2518 4243 ut

282 4306 736 4371 describantur
779 4308 1059 4397 piacula,
1105 4309 1350 4391 quibus
1398 4312 1750 4372 teneantur
1791 4309 1862 4386 ii,
1909 4310 2025 4392 qui
2069 4300 2190 4373 suo·
2225 4314 2516 4390 tempore

282 4438 691 4497 sacramenta
728 4452 1039 4517 peragere
1072 4421 1567 4516 supersederint.
1614 4433 1881 4497 Etenim
1927 4432 2310 4515 upanayani
2354 4438 2517 4495 tem-
