3325 5200
834 1604 1824 1784 PRAEFATIO.

294 2295 327 2380 ξ
372 2298 429 2361 1.
470 2299 1007 2366 Dissertationem
1047 2303 1384 2386 scripturis
1424 2309 1487 2368 et
1525 2305 1795 2368 solitum
1836 2310 1900 2368 et
1938 2325 2060 2388 par
2099 2310 2194 2369 est
2232 2325 2443 2388 pauca

202 2423 644 2503 praemittere,
703 2429 944 2508 quibus
985 2435 1400 2511 exponantur
1442 2433 1817 2513 argumenti
1861 2433 2147 2495 rationes
2194 2433 2438 2516 ipsum·

200 2565 329 2628 que
386 2557 852 2632 argumentum
910 2555 1106 2637 quale
1164 2555 1266 2635 sit,
1313 2557 1679 2622 definiatur.
1726 2557 1899 2621 Tum
1946 2557 2431 2641 indulgentiam

200 2675 462 2755 petendi
506 2682 601 2740 est
643 2679 826 2743 locus
869 2656 1376 2746 admonentibus
1421 2683 1711 2760 lectoreS,
1751 2689 1826 2747 ut
1866 2703 2088 2747 secum
2126 2689 2431 2767 reputare

206 2800 415 2864 velint
459 2803 702 2867 invitos
745 2806 876 2869 fere
921 2807 1262 2889 plerosque
1310 2808 1392 2871 ad
1438 2809 1777 2891 tale'opus
1825 2810 2074 2892 accingi
2089 2836 2107 2886 ;
2158 2815 2231 2873 ut
2269 2830 2443 2872 sum·

205 2944 348 2988 mos
393 2927 464 2988 in
507 2927 818 2992 facultate
865 2950 984 2993 sua
1027 2932 1306 2996 honores
1350 2933 1693 3017 accipiant,
1744 2954 1877 2997 non
1925 2934 2237 2998 scientiae
2282 2935 2443 2998 fines

201 3056 630 3134 promovendi
690 3076 887 3120 causa
938 3058 1006 3121 id
1065 3059 1288 3122 moliri
1348 3060 1574 3123 solere.
1636 3061 1963 3142 Equidem
2027 3066 2199 3124 certe
2268 3060 2435 3123 dura

205 3177 345 3259 lege
405 3184 667 3243 coactus
727 3182 904 3246 haud
960 3184 1247 3248 libenter
1308 3185 1474 3249 hanc
1534 3186 2166 3268 disputatiunculam
2230 3186 2438 3269 attigi,

205 3304 496 3369 novitius
540 3307 611 3369 in
656 3327 731 3371 eo
780 3309 1162 3391 disciplinae
1205 3330 1460 3393 genere,
1510 3311 1684 3374 unde
1735 3315 1999 3395 sumpta
2045 3315 2159 3390 est,
2200 3311 2440 3393 quippe

205 3430 320 3513 qui
380 3452 754 3525 sermonem
812 3435 1280 3499 Sanscriticum
1334 3436 1600 3499 nonnisi
1645 3436 2047 3520 primoribus
2089 3436 2293 3500 labris
2338 3437 2441 3499 de-

204 3559 626 3639 gustaverim.
688 3559 1014 3624 Nolebam
1076 3566 1301 3625 tamen
1357 3561 1879 3625 dissertationem
1928 3562 2226 3640 scribere,
2270 3580 2439 3643 quae

207 3702 339 3745 non
409 3690 575 3747 esset
639 3685 851 3767 posita
919 3686 987 3748 in
1049 3687 1132 3749 iis
1191 3687 1440 3765 studiis,
1499 3706 1669 3768 quae
1726 3686 1939 3750 colere
1998 3686 2439 3749 institueram.

206 3808 396 3890 Quod
463 3812 814 3875 consilium
883 3832 1035 3876 cum
1102 3814 1436 3895 cepissem,
1504 3818 1970 3895 argumentum
2039 3812 2437 3894 quaerebam

206 3935 288 3996 ad
346 3936 614 4019 exiguas
675 3956 858 4000 meas
915 3939 1088 4001 vires
1121 3938 1741 4016 accommodatum,
1800 3939 1870 4000 in
1924 3957 2054 4019 quo
2101 3937 2438 4000 tractando

205 4076 335 4121 non
383 4051 669 4124 nimium
717 4063 1031 4144 temporis
1076 4063 1359 4145 spatium
1411 4062 1886 4126 absumeretur.
1927 4061 2073 4134 Viri
2113 4062 2193 4125 cl.
2235 4062 2439 4125 Kerni

206 4183 470 4246 hortatu
544 4193 888 4269 postquam
967 4189 1039 4250 in
1119 4187 1563 4270 cognitionem
1642 4186 1794 4249 veni
1873 4187 2013 4249 eius
2078 4185 2254 4263 libri,
2322 4186 2441 4267 qui

203 4298 616 4396 Kcvalayani
679 4314 1220 4396 grhyasutrorum
1283 4314 1553 4376 nomine
1617 4311 2017 4389 inscribitur,
2080 4311 2174 4395 id·
2205 4312 2437 4395 reperi,

204 4436 378 4519 quod
445 4438 914 4503 desiderabam.
985 4436 1410 4503 Ceremonias
1479 4438 1657 4501 enim
1726 4437 2041 4501 Indorum
2101 4436 2441 4501 continent
2512 4494 2517 4499 .

2147 4546 2169 4586 1
