3325 5200
1612 605 1649 664 9

511 813 666 877 LeX.
723 814 888 877 Pet..
923 833 972 877 s.
1013 814 1102 897 V.)
1123 839 1141 892 3
1186 815 1702 878 Pancatantrum
1750 822 1972 880 autem
2023 815 2277 896 aliquot
2322 815 2556 879 seculis
2602 819 2747 897 post

510 936 750 1002 Christ.
798 943 934 1003 nat.
976 939 1357 1003 florentibus
1398 938 1643 1023 linguis
1687 941 2069 1022 pracriticis,
2118 940 2558 1023 conscriptum
2608 960 2743 1004 esse

508 1064 737 1147 procul
782 1069 877 1127 est
919 1065 1142 1142 dubio,
1189 1083 1400 1147 neque
1444 1066 1729 1146 profecto
1782 1065 2483 1149 Vetal'apancavimcati
2530 1072 2743 1129 aetate

509 1191 853 1255 antecedit.
915 1190 1247 1254 Audacius
1306 1210 1461 1256 vero
1525 1197 1707 1270 esset,
1757 1192 2008 1274 opinor,
2058 1211 2141 1254 ex
2188 1192 2310 1253 hoc
2359 1191 2553 1254 unico
2599 1190 2743 1254 loco

509 1315 758 1399 aliquid
817 1321 1100 1379 statuere
1159 1317 1237 1380 dc
1299 1321 1529 1393 aetate,
1593 1335 1727 1399 qua
1784 1314 2147 1399 composita
2198 1336 2333 1380 esse
2385 1304 2747 1400 Kcvalaya·

509 1439 987 1524 nagrhyasfitra
1057 1441 1446 1506 videantur.⁴
1487 1442 1613 1505 Sed
1670 1443 1938 1524 gravius
2004 1442 2125 1505 hoc
2186 1448 2301 1506 est.
2368 1442 2445 1504 In
2511 1442 2743 1505 iisdem

510 1552 672 1650 Kcv.
735 1558 977 1648 Grhyis
1042 1566 1180 1646 (ΙΙΙ,
1245 1567 1310 1644 4,
1379 1569 1465 1650 4),
1523 1569 1771 1650 pariter
1815 1569 1885 1630 in
1937 1567 2195 1656 Qankh.
2245 1567 2449 1648 Grhy.
2500 1567 2613 1646 IV,
2668 1568 2743 1628 10

515 1691 734 1773 (quem
783 1692 1000 1755 locum
1050 1693 1282 1756 citavit
1323 1693 1565 1754 Miiller
1603 1693 1696 1756 l.l.
1736 1713 1882 1776 pag.
1928 1694 2079 1776 205)
2122 1665 2318 1756 multi
2360 1712 2749 1756 enumeran-

513 1823 620 1881 tur
677 1817 940 1901 dodryds,
987 1837 1150 1900 quos
1194 1823 1267 1881 ut
1314 1822 1563 1880 saturet
1611 1819 2011 1901 praecipitur
2057 1817 2541 1902 patrifamilias,
2580 1823 2751 1901 post-

432 1988 440 1995 ·
511 1963 712 2026 quam
777 1944 1068 2026 aliquam
1131 1943 1299 2005 Vedi
1357 1947 1612 2026 partem
1674 1943 1925 2025 legerit.
1990 1945 2157 2005 Sunt
2210 1942 2753 2005 SumuntuJaimim·

521 2042 2377 2151 de'eampafyanaPailaSaltim.BMskanhdrataJIaMblcdrata
2385 2035 2744 2130 Dkarmdca‘·

511 2195 648 2278 ryds
741 2199 804 2258 et
891 2195 1006 2276 qui
1076 2171 1201 2256 'alii
1299 2200 1691 2276 sequuntur-3
1786 2195 1900 2258 sed
1988 2195 2122 2257 iam
2217 2195 2373 2257 satis
2451 2200 2565 2259 est.
2646 2193 2750 2258 Ad

511 2325 792 2383 aetatem
885 2321 1064 2382 enim
1149 2320 1358 2383 nostri
1448 2320 1910 2383 illustrandam
2005 2321 2341 2384 sufficiunt
2426 2322 2749 2385 vocabula

513 2445 708 2508 Sutra
763 2451 828 2508 et
883 2444 1210 2525 Bhashya„
1257 2450 1331 2510 ut
1377 2451 1631 2509 taceam
1680 2445 1759 2509 de
1804 2444 2299 2522 MahabharatQ
2347 2446 2418 2508 in
2464 2465 2594 2528 quo
2644 2467 2749 2509 ex-

509 2570 812 2654 plicando
857 2570 1014 2634 Max
1057 2570 1300 2635 Miiller
1348 2570 1450 2653 (de
1498 2575 1634 2635 toto
1681 2571 1824 2636 loco
1870 2570 2006 2653 agit
2052 2571 2121 2633 in
2171 2571 2339 2636 libro
2385 2571 2561 2636 laud.
2602 2592 2748 2656 pag.

515 2698 596 2759 42
659 2716 752 2779 sq.
817 2716 971 2761 ann.
1035 2696 1132 2760 Cf.
1193 2704 1257 2759 et
1315 2697 1581 2773 Weber,
1645 2697 1837 2761 VerZ.
1902 2697 2017 2760 der
2060 2685 2230 2761 Bet-l.
2280 2698 2426 2761 Skr.
2474 2697 2747 2761 Hdschr.

511 2843 657 2906 pag.
706 2824 786 2885 32
835 2829 899 2886 et
945 2822 1050 2905 35)
1101 2842 1446 2886 causarum
1484 2823 1745 2904 patroni
1792 2823 2004 2905 magis
2040 2827 2256 2905 partes
2294 2842 2503 2905 agere,
2546 2842 2747 2904 quam

514 2949 809 3012 criticam
852 2952 1062 3010 artem
1104 2966 1404 3011 exercere
1443 2948 1606 3009 mihi
1647 2948 1925 3010 videtur.
1969 2946 2165 3009 Sfitra
2203 2947 2381 3010 enim
2410 2948 2748 3011 tritissimo

507 3095 635 3137 ,usu
697 3072 1200 3157 grammaticam
1265 3073 1608 3156 designant
1667 3073 2045 3149 Panineam,
2110 3078 2174 3136 et
2234 3072 2539 3154 Bhashya
2592 3074 2754 3155 quid
2836 3051 2838 3053 ,

515 3200 696 3261 aliud
757 3204 868 3272 est,
931 3217 1133 3279 quam
1196 3198 1660 3262 celeberrimus
1715 3198 1828 3261 ille
1874 3200 2389 3262 commentarius
2434 3199 2519 3261 ad
2562 3199 2749 3261 Pani-

514 3325 677 3402 nim,
722 3344 922 3406 quem
972 3325 1338 3406 composuit
1382 3324 1763 3407 PatanjaliS.
1809 3325 2211 3407 Patanjalim
2258 3331 2481 3387 autem
2524 3325 2576 3399 -ξ
2626 3326 2747 3386 180

514 3469 574 3513 a.
638 3446 794 3512 Chr.
858 3469 924 3512 n.
981 3449 1194 3526 fuisse,
1258 3449 1619 3532 verisimile
1681 3454 1795 3527 est,
1856 3468 1941 3512 ne
2000 3450 2241 3513 Miiller
2284 3450 2549 3531 quidem
2598 3455 2752 3513 ante
2863 3514 2867 3519 ,

513 3572 806 3636 seculum
868 3574 1135 3635 tertium
1199 3592 1258 3637 a.
1316 3570 1483 3645 Chr..
1521 3594 1584 3637 n.
1635 3578 1921 3637 aetatem
1968 3575 2109 3638 eius
2154 3576 2386 3638 reiicit.
2434 3575 2752 3638 Videmus

429 3708 436 3713 '
513 3699 734 3781 igitur,
781 3698 850 3759 in
901 3699 1110 3780 grhyo
1149 3703 1372 3762 nostro
1413 3698 1588 3762 inter
1617 3711 1940 3782 personas·
1965 3684 2291 3781 mythicas
2328 3700 2551 3763 referri
2592 3720 2752 3782 opus

519 3824 678 3901 eius,
704 3842 902 3905 quem
929 3824 1119 3887 tertio
1146 3822 1252 3886 vel
1275 3823 1555 3887 secundo
1581 3823 1797 3888 seculo
1823 3830 1977 3888 ante
2001 3822 2155 3888 Chr.
2182 3845 2247 3888 n.
2274 3824 2465 3888 fuisse
2489 3826 2751 3889 scimus,

444 3988 450 3997 -
518 3948 755 4011 Nonne
791 3948 1242 4030 complurium
1299 3947 1670 4012 seculorum
1725 3949 2153 4012 intervallum
2192 3949 2366 4012 inter
2413 3949 2753 4031 utriusque

519 4078 803 4137 aetatem
841 4072 1242 4136 intercedere
1277 4078 1474 4155 patet,
1501 4073 1554 4135 si
1578 4074 1726 4155 quis
1748 4092 1967 4137 secum
1992 4074 2410 4157 reputaverit,
2436 4094 2571 4138 non
2595 4094 2751 4157 pau-

519 4172 610 4261 cis
669 4198 860 4261 annis
919 4185 1312 4262 memoriam
1354 4199 1642 4263 hominis
1685 4199 1781 4263 ita
1816 4219 2002 4283 posse
2046 4200 2446 4278 labefactari,
2492 4205 2567 4264 ut
2612 4201 2789 4279 eius⁴

517 4322 754 4405 scripta
811 4323 986 4386 inter
1037 4326 1346 4405 'personas
1385 4324 1712 4405 mythicas
1752 4324 2093 4388 ducantur.
2140 4324 2319 4393 Haec
2358 4324 2436 4387 de
2470 4313 2749 4408 ’Acvala-

514 4467 720 4529 yana·
759 4453 824 4511 et
861 4446 1320 4537 Qankhayana
1354 4432 1581 4531 grhyis
1588 4473 1607 4525 3
1633 4448 1707 4511 in
1731 4449 1877 4513 aliis
1892 4449 2075 4513 aliud
2090 4450 2431 4528 indicium,
2452 4450 2521 4513 ni
2538 4450 2747 4530 fallor,
