3325 5200
1319 567 1395 634 81

338 787 427 852 At
468 806 601 868 qua
644 785 897 848 ratione
939 784 1191 866 egerint
1236 784 1306 861 ii,
1353 784 1469 866 qui
1509 781 1964 865 jataka'rmani
2010 801 2088 845 ea
2141 781 2486 864 adaptave-

250 915 403 993 rint,
471 911 987 976 commentarius
1046 910 1245 974 Taitt.
1309 909 1575 973 Brahm.
1622 909 1897 972 editioni
1941 906 2223 972 Calcutt.
2279 908 2487 972 adiec-

252 1044 376 1116 tus,
434 1038 621 1102 cuius
680 1041 1013 1099 auctorem
1064 1035 1296 1098 titulus
1342 1034 1684 1115 sayanum
1732 1034 2038 1111 declarat,
2084 1033 2484 1097 Madbavum

252 1139 559 1226 introitus
623 1160 879 1224 metrici
939 1156 1010 1243 1),
1071 1178 1191 1222 nos
1250 1158 1527 1222 docebit.
1584 1158 1798 1221 Simul
1844 1158 2188 1222 nobiscum
2236 1163 2487 1240 repute-

254 1308 405 1352 mus
472 1288 540 1350 id
608 1285 783 1368 quod
852 1302 1048 1367 supra
1116 1303 1485 1348 memorare
1544 1285 1948 1366 oportebam,
2005 1271 2232 1365 Xpast.
2301 1301 2486 1364 pray.

253 1412 624 1497 praecipere
699 1415 775 1473 ut
838 1410 1051 1472 filium
1114 1409 1471 1486 lavandum
1536 1413 1718 1472 curet
1776 1415 1980 1491 pater,
2045 1408 2201 1472 dum
2262 1409 2490 1472 recitet

254 1556 549 1615 carmen3
610 1537 771 1600 haec
816 1535 993 1599 enim
1042 1535 1324 1598 carmini
1368 1534 1577 1598 addit:
1627 1533 1703 1596 iti
1734 1533 2072 1615 paneabkih
2117 1531 2486 1617 enffayitvd.

253 1663 516 1726 Initiale
572 1661 740 1725 illud
782 1659 1139 1744 Ιεεᾰειφεμιεᾱ,
1188 1639 1495 1740 morbum
1542 1660 1822 1724 localem
1869 1659 2202 1743 praeclare
2247 1659 2484 1742 signifi-

254 1807 409 1852 cans
468 1787 542 1849 in
601 1786 834 1868 primis
894 1790 1010 1849 aut
1072 1785 1191 1854 tali
1257 1791 1478 1850 mente
1539 1791 1681 1849 erat
1733 1786 2269 1868 intellegendum,
2331 1791 2404 1849 ut
2449 1805 2489 1846 a

254 1931 475 1976 recens
547 1916 703 1974 nato
780 1930 917 1975 non
991 1910 1276 1972 nimium
1350 1911 1749 1988 abhorreret,
1813 1915 1929 1973 aut
1988 1910 2488 1976 demutandum.

254 2037 396 2101 Hoc
436 2037 681 2100 factum
732 2040 846 2099 est.
890 2035 1197 2118 Legimus
1242 2035 1423 2099 enim
1469 2037 1609 2098 eius
1643 2036 1789 2101 loco
1827 2036 2154 2120 kshetriyai
2193 2034 2242 2120 2)
2283 2001 2488 2101 dativi

254 2164 455 2226 subst.
518 2164 669 2226 fem.
727 2157 959 2223 kehetrft
963 2187 980 2238 3
1040 2166 1184 2224 tum
1244 2160 1509 2244 κέν-τιμαί
1567 2162 1854 2243 positum
1917 2168 2016 2225 est
2074 2181 2190 2244 pro
2256 2160 2500 2244 nirrtycl

256 2287 411 2351 Ath.
476 2287 657 2365 Ved.‚
720 2286 851 2350 dat.
906 2305 1025 2370 pro
1070 2286 1202 2350 abl.
1249 2283 1442 2366 Quod
1484 2286 1954 2369 interpretatur
1997 2287 2345 2350 scholiasta
2392 2287 2492 2349 his

257 2412 497 2499 verbis
530 2411 707 2491 (edit.
746 2430 891 2494 pag.
934 2402 1123 2496 626):
1178 2416 1383 2494 etaeya
1438 2411 1914 2499 mantrajdtasya
1942 2411 2492 2494 jd'takarmavisha-

248 2535 463 2620 yatvdt
521 2535 883 2598 kumdro’tra
930 2535 1357 2620 sambodhyate.
1418 2535 1487 2598 7ae
1544 2535 1790 2598 humdra
1845 2536 2012 2601 tvdm
2061 2534 2490 2601 Kehetrt'ndmi-

258 2662 420 2743 kasta*
467 2662 865 2745 rakskojdceh,
912 2662 1151 2725 drukun
1196 2659 1405 2725 dmm
1461 2684 1529 2725 vo
1579 2662 1645 2743 (1.
1696 2662 1874 2747 tva‘m)
1921 2664 2210 2726 mum-anm·
2257 2712 2490 2729 ......
2599 2650 2602 2653 ’

257 2785 863 2869 ὂιῖἰοραιῖναυαλῑᾶνὶῐιῖ
898 2787 1075 2851 1σᾶσὶιί
1111 2787 1483 2871 rakshojdtih
1518 2786 1763 2867 kshetrt',
1803 2788 1987 2852 batha*
2016 2788 2164 2874 ’wya‘
2191 2789 2490 2873 rakskqja‘-

260 2917 341 2978 tir
383 2914 632 2993 nirrtih‚
680 2921 855 2999 tasyd
893 2914 995 2997 api
1029 2914 1239 2978 drohdt
1277 2915 1446 2978 tvdm
1486 2914 1790 2978 munedmi.
1831 2911 2084 2977 Kshetrt'
2117 2915 2320 2998 igitur
2356 2934 2490 2978 non

260 3040 483 3103 minus
524 3059 726 3122 quam
773 3040 983 3103 Nirrti
1026 3041 1257 3103 daemo
1304 3044 1576 3123 putatur
1614 3039 1932 3114 malefica,
1975 3040 2236 3103 morbos
2273 3040 2493 3122 pueris

260 3166 533 3229 afferens
590 3162 1208 3247 bdlopaslravakdrini.
1270 3166 1431 3229 Eius
1474 3166 1673 3243 vocis,
1723 3151 2045 3247 siduidem
2103 3186 2232 3228 vox
2277 3166 2491 3242 fuerit,

260 3291 729 3373 etymologiam
777 3296 949 3354 recte
994 3291 1161 3353 mihi
1208 3290 1472 3354 videtur
1506 3291 1810 3354 statuisse
1848 3291 2111 3355 Weber.
2139 3292 2320 3356 Stud.
2347 3291 2491 3354 Ind.

262 3415 343 3479 V.
366 3434 511 3499 pag.
540 3415 665 3478 145
728 3415 1033 3479 derivans
1088 3434 1129 3479 a
1166 3415 1383 3480 radice
1429 3415 1579 3494 kmi,
1626 3434 1796 3498 quae
1841 3415 2249 3494 ·‚,laedendi''
2297 3416 2494 3479 habet

261 3542 421 3604 vim.
468 3540 610 3605 Hoc
649 3545 921 3619 constat,
960 3546 1299 3623 tamquam
1342 3542 1726 3605 morborum
1765 3541 2282 3605 incantationem
2321 3548 2493 3606 aeta-

261 3671 397 3730 tem
427 3666 751 3749 puerilem
784 3666 1240 3730 infestantium
1273 3666 1538 3750 partim,
1563 3651 1805 3748 partim
1835 3666 2238 3729 lustrationis
2263 3666 2333 3728 in
2359 3686 2493 3730 mo-

262 3792 419 3855 dum
460 3812 725 3857 carmen
768 3797 1061 3856 nostrum
1089 3793 1159 3855 in
1175 3792 1641 3875 jatakarmane
1667 3791 1985 3854 adhiberi.
2013 3791 2315 3873 Namque
2341 3810 2492 3854 cum

332 4062 372 4129 ¹)
408 4060 605 4114 Eadem
639 4064 721 4115 est
754 4060 1017 4115 dubitatio
1048 4061 1103 4114 in
1138 4060 1524 4127 commentum,
1561 4077 1663 4131 quo
1698 4060 1965 4131 Taittiriyi
1999 4058 2130 4115 Vedi
2157 4060 2212 4113 in
2247 4058 2497 4114 Biblioth.

262 4151 442 4205 Indica
478 4150 639 4204 editio
676 4154 757 4205 est
791 4152 1061 4206 instructa.
1099 4152 1232 4206 Vide
1267 4169 1382 4206 eam
1418 4152 1543 4207 edit.
1578 4153 1679 4206 vol.
1715 4153 1758 4215 1,
1795 4169 1910 4221 pag.
1947 4152 2040 4216 lv,
2082 4168 2198 4205 ann.

328 4244 368 4307 ς)
406 4242 485 4296 Ex
530 4242 793 4295 constanti
838 4258 950 4307 usu,
970 4258 1139 4311 ,quem
1175 4246 1464 4312 sequuntur
1498 4244 1695 4310 scripta
1729 4242 1988 4311 liturgica,
2026 4242 2092 4295 ad
2125 4242 2345 4311 Nigrum
2379 4256 2496 4309 per-

260 4334 490 4388 tinentia
529 4333 707 4402 Yajus,
758 4348 852 4401 pro
895 4353 929 4399 y
963 4337 1018 4387 et
1050 4351 1080 4385 υ
1113 4334 1454 4402 praecedente
1488 4337 1805 4387 consonante
1835 4333 2040 4401 saepius
2075 4333 2324 4387 scribitur
2356 4334 2406 4397 ig)
2440 4336 2496 4386 et

262 4443 343 4479 uo.
377 4425 443 4478 In
475 4424 597 4478 aliis
630 4423 782 4478 libris
816 4427 1083 4479 exaratum
1115 4424 1304 4479 fuisset
1338 4425 1611 4489 kshetryai.

2207 4514 2230 4555 e
