3325 5200
1948 619 2072 682 116

886 815 1092 896 ‘boves
1152 849 1189 895 e
1244 835 1432 915 prato
1489 831 1743 913 vesperi
1806 831 2148 896 redeuntes
2196 832 2670 914 paterfamilias
2731 833 2832 896 his
2874 833 3134 898 salutat

894 945 1082 1041 (Xev.
1106 956 1311 1039 Grhy.
1336 956 1420 1034 11,
1448 956 1551 1036 10,
1578 957 1672 1041 6):

1060 1083 1263 1166 ydsdm
1302 1081 1493 1164 ddhaq
1532 1080 1898 1145 caim-hilam
1941 1081 2188 1146 madhoh
2219 1082 2500 1164 pir-nam
2538 1084 2828 1170 yhrtasya
2870 1108 2940 1148 ea

1058 1209 1143 1272 ta*
1171 1210 1296 1272 nah
1342 1215 1523 1272 cantu
1552 1203 1914 1292 payaavatir
1953 1205 2160 1271 baba-‘ir
2195 1209 2442 1291 yoshthe
2479 1209 2812 1294 qartdeyah

980 1336 1025 1401 i.
1064 1355 1150 1400 e.:
1196 1354 1385 1414 „eae,
1423 1354 1706 1417 quarum
1745 1334 1925 1412 uber,
1961 1339 2248 1417 quatuor
2281 1335 2720 1400 foraminibus
2739 1337 3130 1422 praeditum

892 1460 1109 1524 mellis
1165 1461 1432 1544 plenum
1479 1465 1546 1524 et
1588 1460 1814 1541 butyri
1861 1459 1934 1543 [i.
1979 1478 2036 1523 e.
2083 1460 2388 1524 omnium
2435 1461 2764 1526 bonorum
2807 1462 3124 1546 plenum]

891 1587 1243 1650 munificae
1312 1587 1446 1650 sint
1517 1585 1731 1665 nobis,
1791 1585 2042 1649 multae
2102 1586 2174 1648 in
2233 1587 2516 1667 stabulo,
2578 1587 2983 1669 butyrosae”
3052 1594 3127 1653 et

889 1733 1061 1796 quae
1118 1716 1509 1795 sequuntur.
1562 1709 1794 1794 Neque
1854 1711 1942 1787 in,
1982 1711 2250 1794 hospitii
2305 1711 2704 1776 liberalitate
2765 1713 2942 1777 deest
2996 1736 3122 1776 ma-

888 1837 1027 1918 dku,
1064 1838 1225 1922 quin
1272 1837 1399 1921 ipsi
1442 1836 1894 1902 sanctissimae
1939 1827 2369 1928 ceremoniae,
2401 1855 2544 1920 qua
2580 1837 2903 1921 hospitem
2945 1839 3124 1904 exci-

888 1965 986 2048 pit
1042 1962 1510 2047 paterfamilias
1560 1960 1964 2042 madhuparlca
2004 1965 2103 2024 est
2144 1980 2408 2041 nomen,
2456 1962 2500 2026 i.
2551 1981 2606 2026 e.
2653 1962 2928 2041 „mellis
2970 1983 3122 2048 gus-

889 2087 1126 2154 tatio”.
1188 2089 1429 2172 Magna
1483 2087 1557 2150 in
1616 2085 1933 2150 feralibus
1989 2104 2254 2169 quoque
2316 2086 2598 2150 habetur
2661 2087 2830 2151 ratio
2878 2087 3120 2166 mellis,

886 2214 1094 2292 lactis,
1139 2211 1386 2294 butyri,
1432 2211 1581 2276 sim.
1628 2209 2018 2295 Compluria
2052 2217 2402 2296 postquam
2429 2213 2845 2275 enumeravit
2878 2213 3119 2276 Manus

886 2337 1006 2417 III,
1033 2338 1156 2401 267
1182 2357 1341 2420 sqq„
1386 2337 1631 2420 quibus
1673 2337 1900 2400 Manes
1945 2341 2240 2400 saturare
2279 2337 2374 2400 fas
2410 2341 2524 2417 est,
2563 2337 2829 2400 nullum
2866 2337 2950 2400 iis
2973 2342 3115 2401 tam

883 2468 1145 2548 gratum
1218 2467 1413 2546 atque
1473 2462 1662 2546 pium
1726 2463 1942 2526 offerri
2003 2481 2188 2545 posse
2249 2464 2637 2546 pronuntiat
2695 2464 3116 2542 sacrificium,

884 2610 1090 2673 quam
1134 2588 1308 2673 quod
1352 2589 1457 2653 die
1502 2587 1757 2653 decimo
1803 2589 1994 2653 tertio
2043 2589 2285 2652 mensis
2325 2588 2512 2653 detur
2564 2589 2806 2671 cuique
2858 2589 2944 2689 sit
3003 2589 3114 2653 ad-

884 2716 1173 2779 mixtum
1234 2714 1388 2779 mel.
1448 2713 1527 2777 In
1577 2712 1845 2797 craddhi
1904 2714 2357 2796 descriptione,
2417 2733 2588 2796 quae
2650 2718 2862 2779 exstat
2936 2714 3116 2798 apud

885 2828 1045 2925 Rev,
1070 2838 1257 2922 Grhy
1277 2840 1391 2919 IV,
1424 2838 1456 2903 7
1481 2857 1575 2921 sq.
1637 2838 1879 2919 butyro
1942 2838 2301 2902 adunctum
2338 2837 2682 2918 ,thta‘lctam
2729 2838 2956 2903 cibum
2999 2857 3112 2923 pa-

807 2941 813 2948 ’
883 2966 1270 3031 terramilias
1305 2964 1613 3053 Manibus
1652 2964 1838 3027 offert
1878 2961 2034 3045 (vid.
2074 2964 2118 3027 1.
2158 2963 2204 3027 1.
2245 2982 2300 3027 ο.
2345 2963 2402 3042 8,
2432 2965 2469 3025 2
2497 2963 2593 3027 ed.
2620 2961 2797 3027 Calo.
2826 2990 2911 3023 =
2943 2962 2999 3043 7,
3026 2964 3109 3030 18

883 3091 981 3154 ed.
1023 3090 1141 3175 St.)
1182 3089 1375 3173 Apud
1413 3089 1694 3153 Graecos
1731 3094 1796 3152 et
1827 3088 2168 3153 Romanos
2203 3108 2354 3152 cum
2393 3089 2525 3152 fere
2563 3088 2731 3151 nihil
2755 3090 3113 3153 occurrerit

882 3214 1093 3295 nobis,
1150 3214 1325 3298 quod
1384 3214 1467 3277 ad
1511 3212 1728 3278 mellis
1770 3213 2082 3294 butyrive
2125 3213 2567 3297 gustationem
2613 3213 2682 3275 in
2728 3233 2902 3278 novo
2949 3220 3107 3278 nato

880 3340 1256 3423 pertineret,
1307 3340 1472 3403 forte
1507 3338 1773 3405 fortuna
1809 3357 1943 3403 non
1980 3338 2214 3402 desunt
2255 3336 2562 3401 feralium
2617 3338 3107 3421 descriptiones,

880 3465 1115 3547 plenae
1178 3465 1385 3544 lactis,
1455 3464 1690 3543 mellis,
1759 3482 1971 3547 aquae
2041 3459 2115 3547 ¹).
2184 3462 2485 3544 Quarum
2552 3464 2918 3543 notissima,
2986 3465 3108 3529 ubi

881 3588 1149 3673 Ulysses
1192 3590 1272 3654 de
1317 3609 1385 3654 se
1429 3594 1685 3653 narrat:
2946 3556 2958 3568 ⁹

1230 3712 1380 3793 χοὴν
1422 3712 1654 3794 χεόμην
1699 3716 1878 3778 πᾶσιν
1925 3711 2211 3777 νεκύεσσιν

880 3842 1082 3919 πρῶται
1126 3838 1451 3920 μελικρήτῳ
1497 3836 1818 3917 μετέπειτα
1863 3838 1925 3903 δὲ
1970 3835 2088 3911 ἡδέι
2135 3834 2256 3919 οἴνῳ

879 3964 945 4030 τὸ
961 3962 1140 4044 τρίτον
1155 3958 1295 4029 αὖθ’
1323 3961 1492 4029 ὕδατι
1517 3962 1616 4029 ἐπὶ
1634 3964 1686 4028 δ’
1705 3962 1942 4047 ἄλφιτα
1957 3963 2141 4028 λευκοὶ
2156 3962 2411 4029 πάλυνον
2432 3961 2682 4048 (Οᾶγεε.
2696 3964 2818 4044 XI,
2834 3968 2870 4028 2
2880 3966 2916 4027 6
2934 3968 3100 4051 sqq.)

878 4085 1217 4195 μςὶλκρητον
1262 4096 1487 4156 autem
1535 4092 1731 4157 melle
1775 4096 2026 4156 constat
2061 4095 2126 4155 et
2162 4090 2331 4155 lacte
2367 4091 2746 4155 commixtis
2783 4089 2857 4175 ²).
2903 4092 3103 4156 Haud
3231 4143 3239 4154 .

942 4410 981 4471 ¹)
1018 4404 1090 4461 Et
1104 4424 1266 4477 aquae
1283 4408 1337 4461 in
1349 4372 1710 4478 jatakarmane
1725 4408 2051 4465 adhibentur.
2069 4406 2188 4463 Vid.
2209 4422 2361 4478 supra
2380 4424 2496 4479 pag.
2515 4409 2593 4474 72,
2613 4410 2692 4474 76,
2710 4410 2774 4463 86
2787 4424 2862 4480 sq.
2878 4409 2933 4462 et
2944 4408 3098 4463 infra.

940 4501 985 4567 ²)
1021 4498 1139 4554 Vid.
1172 4500 1379 4555 Eustat.
1416 4499 1480 4555 ad
1516 4500 1698 4571 Odyss.
1734 4500 1828 4566 XI,
1863 4503 1974 4566 519,
2009 4500 2100 4554 ubi
2135 4503 2445 4569 repetuntur
2477 4516 2655 4554 versus
2687 4499 2900 4555 laudati,
