3325 5200
1276 647 1397 717 115

222 864 394 948 cem)
424 899 428 906 ·
458 883 793 927 summum
855 867 1268 946 peccatorum
1332 865 1757 948 demptorem,
1812 865 2038 949 ajyum
2093 866 2256 951 (lux)
2304 863 2448 932 deo-

222 1007 375 1052 rum
424 993 519 1052 est
563 989 765 1069 cibuS,
812 989 885 1051 in
932 988 1080 1072 ajyo
1133 988 1325 1072 (luce)
1380 989 1613 1053 mundi
1671 995 1824 1054 sunt
1860 992 2073 1073 positi.
2113 990 2452 1076 Quidquid

222 1115 389 1177 mali
456 1133 538 1177 ex
598 1120 789 1193 terra,
848 1118 1016 1192 aere,
1078 1115 1259 1179 coelo
1321 1119 1386 1178 te
1446 1115 1801 1194 incesserit,
1865 1117 1987 1181 hoc
2049 1137 2245 1182 omne
2301 1118 2450 1202 ajyi

225 1239 439 1325 (lucis)
500 1241 1012 1305 contrectatione
1066 1239 1473 1304 evanescet”.
1543 1241 1692 1309 Iam
1757 1241 1903 1306 luce
1969 1243 2228 1321 clarius,
2289 1243 2450 1324 quid

222 1366 561 1452 significet⁴
588 1367 761 1450 ghrti
782 1367 1205 1448 symbolum.
2359 1349 2361 1352 Α

251 1535 255 1538 -
294 1468 613 1574 'Denique
674 1491 837 1555 lucis
893 1490 1163 1555 nomine
1223 1491 1572 1574 significari
1632 1496 1701 1555 et
1747 1493 1954 1556 vitam
2005 1493 2284 1558 minime
2329 1495 2450 1557 mi·

220 1597 553 1682 rabuntur
585 1618 792 1682 nostri
839 1617 1138 1682 homines
1180 1617 1425 1699 quibus
1484 1622 1654 1680 tersa
1703 1621 1798 1680 est
1843 1619 2003 1682 haec
2047 1621 2447 1702 metaphora,

222 1744 402 1807 haud
490 1744 621 1808 scio
690 1763 777 1806 an
824 1743 1133 1811 omnibus
1200 1743 1331 1806 sere
1397 1741 1645 1824 linguis
1707 1743 2098 1806 communis.
2157 1742 2234 1805 In
2304 1741 2449 1833 Qat.

221 1868 489 1932 Brahm.
516 1869 697 1948 VIII,
726 1869 784 1948 3,
814 1870 873 1947 2,
902 1868 985 1930 14
1020 1868 1093 1931 in
1130 1867 1517 1930 universum
1558 1868 1828 1931 dicitur:
1865 1839 2066 1950 prd‘no
2095 1868 2196 1932 vai
2219 1867 2449 1952 yyotih,

209 1995 269 2059 i.
316 2013 373 2058 e.
431 1995 783 2090 „animam
851 1992 1109 2076 (vitam)
1174 1992 1496 2076 significat
1555 1991 1716 2055 lux”
1777 1997 1842 2056 et
1885 1993 2001 2073 IX,
2029 1995 2090 2072 4,
2117 1996 2176 2073 2,
2207 1994 2288 2057 14
2331 1993 2452 2058 lux

223 2121 597 2204 appellatur
655 2120 1125 2185 immortalitas
1190 2120 1581 2201 (amrtatvam
1628 2119 1732 2182 vai
1772 2120 1933 2204 rulo).
1977 2119 2127 2184 Non
2173 2139 2328 2184 sane
2373 2139 2452 2184 ea

226 2247 712 2326 immortalitaS,
749 2266 922 2330 quae
960 2251 1245 2311 mortem
1284 2265 1546 2329 prorsus
1586 2251 1782 2324 arcet,
1813 2265 2046 2308 verum
2069 2246 2211 2309 vita
2231 2244 2449 2328 longa,

226 2369 494 2455 dffrqham
575 2371 745 2456 εἴρειν,
811 2373 1085 2456 quicum
1155 2371 1533 2454 saepissime
1613 2390 1749 2435 uno
1832 2389 1944 2436 ore
2025 2372 2454 2454 coniungitur

226 2505 440 2563 amrta.
507 2501 719 2563 Amrta
780 2499 966 2562 enim
1029 2498 1209 2562 haud
1276 2517 1424 2561 raro
1486 2501 1580 2561 est
1638 2498 1904 2580 negatio
1957 2498 2206 2575 mortha,
2247 2497 2454 2580 igitur

228 2642 413 2689 mera
452 2625 613 2689 vita.

313 2750 472 2834 Age,
516 2751 758 2814 iterum
804 2754 1267 2814 convertamur
1302 2749 1385 2812 ad
1430 2767 1688 2812 sacrum
1732 2747 1900 2811 illud
1945 2766 2230 2826 carmen,
2277 2746 2453 2830 quod

223 2877 657 2959 pronuntians
700 2881 776 2940 ut
818 2896 1021 2961 puero
1058 2876 1281 2941 cibum
1321 2876 1626 2940 infundat
1661 2881 1870 2959 pater,
1894 2875 2213 2959 praecipit
2233 2863 2449 2959 Ἄφνω

224 3002 525 3085 layanuS,
585 3004 762 3086 quod
821 3008 885 3067 et
944 3004 1355 3087 antiquitate
1400 3008 1615 3069 cetera
1676 2982 1937 3067 videtur
1982 3001 2254 3066 anteire.
2308 3000 2452 3063 Iam

92 3142 98 3148 ·
227 3129 463 3193 melius
505 3130 803 3211 capimus
844 3130 1006 3213 quid
1048 3130 1160 3193 sit:

220 3276 337 3335 pra
368 3260 425 3318 te
455 3254 690 3318 daddmi
718 3255 1007 3319 madhuno
1021 3254 1311 3339 ykrtasya
1332 3256 1547 3317 vadam
1574 3252 1827 3317 Savatra
1821 3252 2152 3335 pra-satam
2174 3250 2465 3333 maykonci'

226 3398 491 3463 nempe.
529 3380 967 3463 „participem
1006 3386 1071 3444 te
1106 3380 1302 3443 reddo
1338 3380 1647 3458 thesauri,
1692 3378 1868 3442 dulci
1908 3378 2266 3442 constantis
2286 3376 2452 3455 luce,

228 3524 427 3588 quem
484 3506 853 3589 procreavit
898 3503 1169 3569 Creator
1214 3503 1593 3569 dominus&
1641 3504 1910 3568 Etenim
1957 3504 2094 3567 sive
2136 3520 2254 3586 pro
2298 3502 2452 3566 (1110·

214 3630 353 3716 ‚bus
396 3632 597 3696 subst.
644 3650 779 3695 esse
822 3632 923 3694 vis
965 3631 1261 3719 mczcffiuno⁴
1292 3630 1599 3713 qkrtasya,
1638 3630 1777 3693 sive
1817 3628 2210 3692 alterutrum
2248 3626 2455 3691 adiec-

146 3838 151 3845 „
230 3752 448 3817 tivum
487 3736 735 3820 ducere
755 3756 963 3839 magis
994 3756 1227 3839 placet,
1265 3754 1485 3819 lucem
1521 3754 1741 3817 mellis
1775 3754 2133 3835 butyrique
2155 3751 2454 3835 symbolo

230 3880 582 3964 significari
640 3882 725 3947 ab
785 3882 970 3946 omni
1028 3881 1231 3945 dubio
1286 3884 1620 3944 remotum
1667 3878 1946 3942 videtur.
1994 3879 2258 3954 Lucem,
2303 3876 2348 3939 i.
2397 3894 2452 3940 e.

232 4007 439 4070 vitam
484 4006 843 4071 solenniter
881 4010 1039 4070 nato
1082 4006 1193 4069 dat
1228 4008 1413 4089 pater
1449 4008 1622 4084 tum„
1654 4024 1808 4068 cum
1850 4002 2064 4067 mellis
2098 4002 2455 4083 butyrique

230 4133 434 4217 guttis
479 4152 549 4197 os
592 4134 734 4196 nati
779 4131 1036 4198 oblinit.

320 4257 493 4323 Cum
539 4263 763 4323 autem
808 4257 986 4322 vitae
1028 4258 1321 4340 lucisque
1367 4256 1670 4339 symbola
1715 4255 2000 4319 habeant
2044 4252 2456 4316 maiestatem

234 4384 447 4468 adque
506 4403 733 4449 omnes
783 4383 1157 4467 pertineant
1192 4382 1567 4445 animantes
1600 4376 1858 4464 saepius
1895 4379 1967 4441 in
2005 4378 2202 4441 sacris
2239 4377 2455 4441 dome-

234 4511 409 4575 sticis
470 4528 551 4574 ea
618 4510 1068 4587 inveniuntur,
1136 4526 1272 4571 non
1338 4510 1603 4570 tantum
1674 4505 1745 4567 in
1805 4503 2286 4586 jatakarmane.
2349 4501 2456 4563 Sic
