3325 5200
1915 541 2040 635 1232

1891 880 2074 943 XIII.

956 1106 1039 1168 In
1084 1069 1309 1168 Plafiti
1352 1103 1626 1168 Cureul.
1673 1102 1756 1179 V,
1804 1103 1918 1164 16:

1660 1227 1854 1290 Facis
1897 1227 2265 1310 sapientius

1046 1373 1253 1438 quam
1288 1354 1623 1417 latronum
1658 1371 1818 1434 pars
1847 1351 2122 1415 libertos
2154 1352 2272 1435 qui
2305 1351 2555 1416 habent
2577 1356 2646 1416 et
2665 1372 2774 1416 eos
2793 1351 3114 1415 deserunt

872 1481 1151 1546 conficio
1196 1480 1599 1544 mutandum
1642 1499 1782 1543 esse
1839 1477 2300 1563 patronfim.

1895 1689 2075 1755 XIV.

962 1902 1045 1965 In
1088 1901 1383 1966 eiusdem
1432 1901 1736 1965 Pseudol.
1761 1902 1889 1964 308
1937 1901 2142 1966 verba
2185 1901 2509 1965 Ballionis

1400 2025 1624 2090 inanis
1671 2026 1876 2090 cedis:
1920 2027 2102 2091 dieta
2147 2046 2282 2091 non
2325 2031 2566 2090 sonant

878 2150 1048 2214 nihil
1092 2151 1341 2216 dicunt.
1386 2150 1589 2233 Lege:
1648 2151 1942 2214 inania
1997 2147 2198 2216 edis:
2255 2151 2435 2215 dieta
2477 2171 2616 2215 non
2649 2155 2910 2216 sonant.

1906 2335 2055 2425 xv.

966 2561 1230 2628 Terent.
1254 2561 1617 2627 Heautont.
1642 2560 1762 2640 IV,
1789 2561 1850 2639 5,
1876 2561 1989 2625 12:
2263 2618 2268 2621 .

1140 2690 1241 2754 De
1282 2689 1403 2753 illo
1447 2690 1625 2770 quod
1671 2686 1965 2752 dudum?
2009 2688 2262 2751 dietum
2306 2707 2386 2751 ae
2431 2688 2684 2751 factum
2729 2690 2982 2754 reddidi

880 2815 1209 2898 scripsisse
1252 2814 1548 2879 videtur:
1596 2814 1910 2877 dietum
1956 2813 2350 2877 eefeetum
2397 2814 2672 2878 reddidi.

1909 3024 2091 3088 XVI.

970 3225 1131 3289 Sall.
1154 3225 1301 3309 Iug.
1329 3226 1431 3303 14,
1456 3226 1493 3287 6
1536 3224 1965 3289 resecandum
1998 3227 2096 3287 est
2120 3223 2516 3305 languidum
2550 3225 3116 3289 additamentum:

884 3355 1249 3432 nepotem
1308 3349 1832 3413 Masinissae.
2723 3349 2730 3355 ’

1897 3558 2109 3622 XVII.

977 3764 1075 3826 De
1134 3761 1279 3826 vier
1322 3759 1874 3824 oud-atheensehe
1919 3756 2118 3839 φυλαί
2157 3758 2401 3822 komen
2446 3760 2520 3821 in
2569 3778 2793 3823 wezen
2840 3779 3123 3825 overeen

893 3892 1029 3953 met
1073 3886 1552 3971 zoogenaamde
1598 3886 1878 3949 standen
1925 3885 1997 3948 of
2036 3884 2293 3948 kasten.

1883 4093 2127 4158 XVIII.

981 4294 1071 4366 λίς
1118 4320 1203 4355 ·-.::
1250 4293 1393 4357 λέων
1438 4296 1615 4359 heeft
1660 4296 1748 4376 bij
1797 4294 2124 4357 Homerus
2170 4294 2284 4357 het
2328 4294 2668 4376 digamma
2707 4293 3008 4357 tussehen
3049 4294 3128 4357 de

894 4432 933 4481 λ
976 4439 1059 4484 en
1104 4420 1185 4483 de
1228 4441 1267 4483 ι.
