3325 5200
1658 583 1779 645 107

596 795 695 877 gis
754 796 1013 858 iussum
1071 800 1469 878 conceperat,
1530 795 1947 878 graviditatis
2005 795 2198 878 signa·
2237 793 2560 860 divinitus
2603 795 2832 859 latent.

596 921 847 985 Natum
894 941 1171 1003 puerum
1215 927 1517 986 metuens
1551 941 1633 986 ne
1675 921 2093 999 occideretur,
2133 921 2187 984 si
2227 921 2314 984 ad
2349 939 2566 1004 regem
2608 925 2834 1001 partus

597 1047 700 1108 sui
751 1046 1041 1127 perlatus
1080 1065 1219 1110 esse
1264 1066 1513 1125 rumor,
1560 1047 1733 1111 clam
1781 1047 2110 1123 omnibuS,
2168 1047 2368 1110 etiam
2420 1047 2678 1123 marit0,
2725 1046 2834 1110 eui
2911 1076 2916 1082 ·

597 1176 807 1236 morte
856 1172 1175 1235 subitaria
1232 1176 1605 1254 correptum
1652 1171 2101 1249 simulaverat,
2148 1171 2218 1234 in
2261 1170 2640 1254 speluncam
2688 1190 2834 1252 por·

596 1298 782 1374 tavit,
838 1302 915 1359 ut
971 1301 1342 1361 remaneret
1387 1297 1504 1374 ibi,
1549 1297 1750 1360 donet
1793 1300 1958 1360 esset
1998 1295 2280 1360 adultus,
2321 1295 2570 1360 Eodem
2623 1300 2834 1360 mater

594 1422 870 1504 saepius,
931 1423 1187 1503 quoties
1247 1427 1545 1504 tempora
1608 1422 1930 1498 sinebant,
1987 1422 2422 1497 commeabat,
2485 1425 2559 1483 ut
2618 1421 2828 1482 filium

594 1548 761 1612 laete
818 1547 1043 1640 aleret.
1091 1595 1129 1624 ‚‚
1146 1545 1317 1610 Cum
1366 1551 1585 1611 autem
1636 1547 2012 1628 aliquandO,
2053 1552 2128 1610 ut
2175 1545 2445 1624 solebat,
2491 1546 2573 1608 ad
2621 1546 2830 1608 infan-

596 1677 729 1735 tem
775 1677 1075 1736 tenerum
1122 1678 1498 1755 properaret
1544 1677 1758 1736 mater
1803 1691 2168 1734 mammam
2216 1690 2541 1754 apponere
2580 1672 2640 1734 ei
2679 1691 2831 1736 cou-

593 1799 945 1880 cupiscens,
985 1799 1296 1863 mirabile
1332 1799 1510 1863 dictu
1548 1799 1806 1863 duobus
1841 1799 2061 1880 digitis
2093 1817 2225 1861 uno
2250 1803 2462 1860 tractu
2488 1803 2828 1880 sugentem

591 1923 847 1987 invenit
881 1925 1255 2007 puerulum,
1289 1923 1702 2006 lactisfluvios
1723 1910 2247 2003 emittenteflltero,
2273 1923 2460 1987 altero
2483 1921 2727 1984 mellis”
2755 1918 2827 2004 1).

678 2049 823 2111 Iam
862 2050 945 2112 ad
984 2050 1188 2113 alium
1233 2051 1409 2114 haud
1450 2051 1672 2113 minus
1712 2050 2210 2114 memorabilem
2252 2050 2640 2113 advenimus
2677 2069 2828 2112 con·

590 2193 873 2236 sensum.
913 2175 1111 2236 Pueri
1152 2174 1255 2237 vel
1294 2174 1572 2257 puellae,
1614 2175 1894 2238 simulac
1939 2175 2079 2238 nati
2123 2179 2294 2251 sunt,
2332 2192 2725 2257 quacunque
2747 2175 2828 2238 de

590 2319 806 2376 eausa,
847 2303 989 2362 tum
1042 2301 1321 2381 expositi
1368 2306 1529 2390 tum
1559 2301 1692 2364 leto
1740 2301 1873 2364 dati
1915 2302 2078 2364 sorte
2117 2302 2380 2364 fortuna
2417 2306 2640 2364 tamen
2678 2300 2827 2364 deo·

588 2444 823 2488 rumve
862 2426 1115 2490 auxilio
1150 2427 1391 2489 servati
1426 2427 1655 2490 multis
1694 2411 2192 2508 multarumque
2235 2426 2534 2508 gentium
2578 2426 2828 2508 mythis

588 2555 741 2617 sunt
786 2570 1187 2616 communes
1230 2549 1441 2633 Quid?
1481 2550 1673 2633 Quod
1711 2571 1841 2617 non
1879 2552 2092 2619 solum
2119 2552 2187 2616 in
2213 2552 2444 2633 mytho
2470 2551 2824 2623 christiano

527 2696 533 2703 ·
587 2681 703 2740 aut
736 2675 1133 2761 germanice,
1176 2677 1610 2761 similiterque
1634 2678 1704 2741 in
1731 2678 2366 2755 moliammedanicO,
2391 2678 2504 2743 sed
2527 2678 2726 2742 etiam
2752 2678 2824 2745 in

587 2802 808 2865 fabula
844 2822 1079 2886 graeca
1118 2803 1313 2866 melle
1355 2805 1512 2868 novi
1554 2805 1696 2868 nati
1741 2805 1874 2867 vita
1909 2804 2230 2867 divinitus
2253 2804 2636 2886 protegitur,
2660 2824 2824 2869 num

589 2926 709 2989 hoc
733 2928 1079 2991 fortuitum
1108 2927 1337 3010 putas?
1363 2929 1487 2992 Sed
1515 2929 1681 3007 vide,
1709 2948 1910 3011 quam
1939 2930 2152 2993 dicam
2179 2930 2472 2993 fabulam
2495 2949 2822 3011 graecam.

675 3052 753 3115 111
824 3052 1094 3115 Pindari
1173 3051 1439 3135 olymp.
1484 3054 1577 3115 VI
1638 3054 2045 3117 umidarum
2112 3019 2416 3118 laudibus
2485 3054 2827 3119 extollitur

585 3176 859 3253 familia,
897 3177 1091 3240 claris
1129 3177 1403 3240 illustris
1436 3178 1721 3241 vatibus,
1763 3176 2064 3257 Quorum
2101 3198 2338 3261 parens
2367 3180 2591 3241 Iamus
2615 3179 2826 3243 editus

585 3306 680 3365 est
723 3322 805 3364 ex
851 3302 1159 3385 Apolline
1204 3308 1268 3367 et
1314 3303 1613 3367 Euadne.
1658 3305 1826 3367 Eam
1877 3305 2100 3368 furtim
2151 3325 2191 3367 a
2229 3305 2348 3369 deo
2387 3324 2821 3388 compressam

581 3425 921 3509 gravidam
997 3447 1145 3490 cum
1208 3428 1779 3493 animadvertisset
1840 3428 2136 3511 Aepytus
2194 3449 2329 3507 rex,
2391 3431 2576 3495 euius
2642 3431 2822 3493 domi

583 3552 855 3635 degebat
898 3553 1192 3630 Euadne,
1239 3552 1657 3636 Delphosque
1705 3555 2048 3619 oraculum
2094 3560 2168 3619 ut
2211 3576 2409 3638 super
2447 3574 2524 3619 ea
2564 3576 2634 3620 re
2673 3576 2823 3621 con·

584 3676 824 3739 suleret
898 3682 1061 3741 esset
1134 3681 1477 3759 proiectus,
1539 3680 1840 3761 pariendi
1915 3686 2172 3763 tempus
2231 3682 2821 3764 appropinquabat.

583 3799 873 3865 Absente
946 3801 1151 3883 igitur
1222 3801 1477 3884 Aepyto
1542 3804 1742 3867 enixa
1802 3809 1918 3869 est.
2003 3804 2328 3869 Infantem
2406 3807 2604 3871 matri
2673 3807 2822 3871 sub·

582 3925 851 3989 duct-um
922 3925 1051 3989 duo
1128 3926 1441 3991 dracones
1524 3928 1714 3991 alunt
1794 3929 2090 4011 ἀμεμφεῖ
2159 3930 2220 4009 ἰῷ
2301 3933 2592 4007 μελισσᾶν
2659 3933 2704 3995 i.
2763 3952 2819 3997 e.

649 4182 689 4245 ¹)
734 4180 1023 4241 „Eenmaal
1070 4183 1249 4237 echter
1293 4187 1419 4239 toen
1467 4186 1530 4240 de
1580 4186 1924 4253 verlangende
1974 4178 2184 4243 moeder
2226 4205 2352 4242 naar
2384 4189 2544 4243 haren
2576 4190 2818 4243 teoderen

581 4271 843 4343 zuigeling
876 4272 1014 4341 ijlde,
1051 4290 1135 4327 om
1171 4274 1291 4329 hem
1325 4276 1389 4329 de
1427 4275 1786 4331 moederborst
1821 4281 1877 4332 te
1918 4277 2116 4343 bieden‚
2155 4297 2251 4349 zag
2285 4280 2347 4348 zij
2385 4283 2495 4333 met
2524 4279 2818 4350 verbazing‚

580 4361 673 4415 dat
716 4363 811 4417 het
855 4364 979 4419 kind
1024 4366 1364 4421 aanhoudend
1412 4384 1477 4437 op
1526 4372 1660 4422 twee
1694 4369 1967 4438 ,vingeren
2017 4386 2170 4441 zoog;
2217 4370 2280 4438 πῂ·
2327 4388 2424 4440 zag
2467 4371 2568 4426 hoe
2610 4372 2691 4425 uit
2719 4371 2820 4425 den

581 4471 741 4509 eenen
778 4455 933 4521 melk,
970 4457 1053 4509 uit
1086 4456 1187 4511 den
1224 4457 1449 4512 anderen
1485 4459 1667 4513 echter
1699 4459 1860 4531 honig
1889 4459 2138 4515 vloeide'’.
2173 4461 2258 4514 1.1.
2277 4478 2390 4532 pag.
2411 4464 2488 4517 35.
