3325 5200
1615 595 1698 660 27

449 786 453 788 ’
541 814 695 874 sunt
772 810 943 887 nati3
1024 809 1095 886 ii,
1149 807 1288 890 ,qui
1348 808 1448 872 bis
1504 806 1648 870 nati
1708 805 1946 889 viginti
2006 780 2296 887 quinque
2350 804 2774 868 sacramentis

539 935 799 997 lustrati
855 916 1027 1012 sunt,
1058 934 1236 1016 puri
1293 937 1448 996 sunt
1506 937 1570 997 et
1629 932 1869 1014 quippe
1929 931 2045 1013 qui
2095 930 2261 995 bene
2307 935 2514 994 semet
2557 931 2773 994 mode-

539 1062 686 1121 rent
731 1057 815 1120 ad
852 1057 1203 1143 crflddham
1237 1057 1530 1140 aliasque
1569 1056 1973 1120 ceremonias
2012 1054 2214 1137 apti.''
2252 1055 2328 1117 In
2368 1052 2775 1136 grhyasfitris

541 1203 673 1248 vox
725 1182 1044 1246 samska‘ra
1073 1187 1438 1247 'occurrere
1497 1199 1632 1246 non
1694 1180 1956 1244 videtur
1966 1205 1985 1258 3
2047 1197 2259 1261 neque
2318 1180 2497 1242 enim
2554 1179 2626 1241 in
2670 1180 2772 1255 iis,

543 1327 825 1390 quorum
880 1307 1435 1390 inspiciendorum
1496 1306 1661 1368 mihi
1726 1301 1915 1388 copia
1976 1309 2134 1382 erat,
2188 1302 2420 1387 reperi,
2470 1309 2535 1367 et
2572 1303 2772 1367 efficio

545 1453 580 1498 e
639 1433 856 1497 verbis
917 1432 1232 1496 Stenzleri
1292 1430 1336 1495 l.
1398 1430 1445 1495 l.
1505 1449 1651 1524 pag.
1716 1430 1840 1491 529
1888 1465 1975 1476 —-
2021 1430 2260 1511 quibus
2304 1433 2594 1492 ceterum
2640 1447 2774 1491 non

546 1577 626 1622 ex
663 1558 846 1622 omni
878 1561 1062 1640 parte
1109 1555 1427 1619 assentior
1469 1591 1556 1602 -
1605 1527 1963 1618 monentis:
2008 1553 2211 1630 „dass
2252 1553 2325 1616 in
2366 1552 2492 1615 den
2524 1551 2775 1632 Grhya-
2816 1637 2819 1640 ψ

545 1683 726 1746 sfitra
808 1681 1283 1765 vorzugsweise
1369 1679 1484 1743 das
1557 1679 1911 1743 Bestreben
1994 1677 2391 1755 hervortritt,
2471 1677 2577 1740 die
2646 1674 2778 1738 alte

547 1807 904 1871 Volkssitte
939 1805 1389 1882 festzuhalten,
1427 1803 1745 1866 wiihrend
1782 1803 1856 1866 in
1896 1803 2019 1866 den
2044 1801 2552 1885 Dharmaqestra
2578 1802 2778 1885 [unde

547 1936 612 1996 et
678 1931 953 1995 disticha
1017 1933 1241 1994 nostra
1304 1929 1561 1992 fluxisse
1619 1927 1979 1991 verisimile
2040 1927 2163 2010 est]
2225 1927 2362 1990 sich
2424 1927 2626 1990 daran
2675 1926 2780 1989 die

547 2055 967 2138 Vorstellung
1011 2053 1266 2137 kniipst,
1311 2053 1426 2118 das
1478 2052 1653 2116 diese
1706 2051 2089 2116 Gebrduche
2129 2053 2549 2116 Sacramente
2591 2051 2778 2134 (sam-

544 2181 771 2266 skdrez‘s)
835 2180 1000 2259 sind,
1062 2180 1230 2244 duch
1295 2181 1490 2243 deren
1536 2178 1972 2262 Vollziehung
2018 2180 2134 2242 der
2176 2179 2441 2242 Mensch
2488 2198 2620 2243 von
2666 2178 2781 2242 der

545 2307 888 2371 Erbsiinde
950 2305 1096 2390 [sic]
1159 2306 1481 2389 gereinigt
1533 2304 1796 2368 werden
1844 2303 2030 2368 soll.”
2078 2300 2127 2388 1)
2177 2304 2497 2368 Generale
2544 2323 2779 2368 verum

546 2452 811 2510 nomen,
887 2451 1016 2514 quo
1095 2432 1322 2496 omnia
1378 2433 1450 2494 in
1509 2432 1735 2514 grhyis
1799 2449 1983 2508 sacra.
2042 2432 2397 2496 domestica
2462 2432 2781 2515 appellari
2846 2423 2855 2433 ’

547 2557 866 2636 videmus,
917 2562 1013 2622 est
1059 2555 1422 2641 pdkayajna.
1468 2555 1719 2639 Itaque,
1775 2557 1874 2621 uti
1932 2557 2126 2623 modo
2180 2558 2469 2622 vidimus
2518 2562 2783 2642 septem,

454 2722 461 2731 -
547 2682 661 2764 qui
729 2683 1049 2746 strictiore
1111 2701 1305 2746 sensu
1370 2680 1724 2765 pdkayajni
1793 2687 2132 2761 vocantur,
2196 2684 2371 2747 inter
2432 2683 2784 2748 samskdros

547 2806 794 2885 haberi,
853 2806 946 2871 sic
1004 2805 1390 2887 Ndrdyanus
1451 2784 1680 2870 contra
1740 2806 1824 2870 ad
1883 2796 2046 2891 Ᾰᾳν.
2104 2807 2307 2890 Grhy.
2349 2809 2399 2887 I,
2452 2810 2508 2889 1,
2559 2812 2617 2887 2,
2667 2810 2781 2874 ubi

548 2929 872 3013 duplicem
933 2931 1239 2995 adiectivi
1295 2931 1456 3013 pdka
1515 2932 2123 3015 interpretationem
2183 2933 2488 3016 proponit
2542 2932 2592 3017 2)
2642 2936 2779 2997 sive

613 3174 653 3240 ¹)
689 3170 904 3228 Minime
933 3173 1054 3227 inde
1082 3172 1428 3243 colligendum
1457 3176 1557 3239 est,
1586 3190 1766 3229 vocem
1798 3176 2075 3229 samskdra
2108 3191 2169 3229 eo
2197 3190 2300 3245 quo
2322 3175 2783 3232 conscribebantur

546 3262 860 3334 grhyasfitra
889 3266 1126 3334 tempore
1152 3264 1260 3317 vim
1294 3266 1692 3327 „caementi”
1722 3265 1950 3320 nondum
1970 3265 2227 3331 induisse3
2247 3282 2414 3335 neque
2437 3266 2575 3320 enim
2597 3269 2785 3321 natura

545 3370 713 3424 neque
749 3355 1016 3410 commoda
1043 3355 1448 3410 ceremoniarum
1479 3355 1534 3409 in
1557 3356 1740 3427 grhyis
1761 3359 2099 3425 exponuntur,
2124 3356 2292 3411 solum
2313 3358 2475 3411 ritum
2500 3357 2785 3427 spectanti-

547 3445 674 3511 bus;
710 3453 772 3501 τὸ
805 3453 863 3501 τι·
897 3448 1094 3510 curant,
1128 3462 1234 3501 non
1266 3452 1330 3500 τὸ
1363 3453 1458 3500 διὰ
1485 3454 1542 3501 τι
1564 3464 1731 3517 neque
1758 3455 1817 3501 τὸ
1842 3456 1937 3503 τοῦ
1964 3448 2138 3501 ἕνεκα.
2164 3450 2278 3502 Hoc
2300 3449 2379 3502 ita
2402 3451 2485 3503 est
2504 3463 2700 3513 verum,
2724 3450 2786 3501 ut

547 3541 651 3595 nisi
693 3557 832 3597 raro.
855 3542 1197 3597 ceremoniam
1242 3542 1327 3597 vel
1365 3542 1677 3597 sacrificium
1710 3542 1941 3607 iubeant,
1974 3542 2267 3610 tritumque
2302 3541 2376 3594 sit
2408 3539 2465 3593 in
2500 3539 2567 3593 iis
2603 3538 2784 3592 huius-

547 3631 688 3685 modi
740 3632 928 3700 capitis
977 3632 1216 3687 initium:
1269 3675 1298 3697 „
1313 3635 1437 3701 atha
1452 3634 1482 3656 ”
1543 3634 1627 3689 vel
1676 3675 1705 3697 ‚‚
1721 3636 1847 3687 atha
1891 3673 2069 3689 ......
2117 3631 2618 3703 vydkhyc‘zsycimah”
2661 3630 2695 3683 i.
2738 3646 2783 3683 e.

549 3764 580 3789 ‚‚
594 3739 734 3777 nunc
771 3723 1050 3791 sequitur”
1085 3726 1140 3779 et
1179 3740 1357 3789 „nunc
1391 3724 1813 3794 explicabimus.”
1845 3725 1926 3781 Ob
1964 3724 2177 3779 eandem
2212 3724 2472 3777 rationem
2510 3737 2786 3791 argumen-

547 3817 676 3878 tum,
708 3830 810 3884 quo
843 3814 990 3871 nisus
1016 3815 1090 3870 M.
1125 3815 1318 3871 Miiller
1350 3858 1378 3880 „
1392 3816 1533 3871 Hist.
1569 3816 1627 3869 of
1657 3816 1786 3869 Anc.
1822 3816 1907 3871 Sk.
1943 3816 2081 3871 Lit.''
2114 3832 2231 3885 pag.
2266 3816 2364 3869 206
2392 3829 2467 3882 sq.
2493 3812 2785 3882 semayocsi-

547 3902 924 3959 rikasfitromm
975 3908 1205 3961 aetatem
1259 3908 1381 3975 post
1429 3905 1714 3976 grhyorum
1764 3907 1915 3976 ponit
1970 3910 2026 3961 et
2080 3909 2393 3976 crantorum,
2443 3903 2641 3956 nullum
2686 3905 2784 3957 est.

548 3995 684 4060 Quid
714 3996 891 4050 enim?
923 3996 1193 4065 Expressis
1227 3998 1417 4067 saimfiy.
1451 3997 1627 4051 verbis
1660 4001 1890 4066 quartae·
1912 3997 2064 4052 classi
2098 4012 2397 4066 upanayano
2432 3994 2783 4059 interdicunt3

547 4086 603 4139 in
647 4085 866 4155 reliquis
901 4088 1061 4141 sutris
1100 4087 1356 4155 implicite
1380 4089 1605 4152 tantum,
1636 4089 1698 4140 ut
1732 4087 1895 4153 aiunt,
1932 4088 1988 4141 id
2024 4087 2354 4157 praecipitur.
2390 4087 2463 4140 At
2497 4086 2595 4139 hoc
2632 4101 2783 4154 argu-

546 4176 715 4231 menti
745 4177 943 4231 factum
977 4180 1060 4232 est
1093 4178 1414 4245 diversitate,
1452 4194 1556 4232 non
1589 4178 1797 4233 aetatis.

613 4268 651 4330 ²)
690 4267 886 4322 Contra
933 4268 1200 4338 vulgata-m
1249 4268 1542 4338 opinionem
1579 4269 1737 4322 aliam
1771 4269 2041 4337 proposuit
2080 4269 2384 4326 Stenzlerus
2417 4266 2797 4339 etymologiam.

547 4357 690 4411 vocis
725 4358 1053 4429 ptikayajna,
1089 4376 1242 4429 quam
1286 4359 1403 4414 vide
1435 4360 1494 4413 in
1529 4360 1640 4414 eius
1682 4359 1762 4414 ed.
1798 4354 1925 4431 Ά-ςν.
1965 4375 2095 4414 vers.
2130 4376 2357 4431 german.
2392 4376 2508 4429 pag.
2546 4360 2578 4413 2
2613 4373 2686 4426 sq.
2726 4357 2784 4412 Si

547 4447 668 4504 huic
710 4449 876 4507 credis
921 4450 1284 4517 derivationes,
1327 4466 1455 4524 quas
1505 4451 1723 4509 tradunt
1774 4451 2103 4526 scholiasta&
2153 4452 2545 4507 commenticiae
2604 4452 2784 4506 essent
