3325 5200
1672 583 1753 644 28

584 811 861 874 parvum
913 789 1102 876 (αἷμα)
1145 792 1282 856 sive
1329 793 1576 856 bonum
1625 789 1954 873 (praqasta)
2002 794 2301 874 praestet,
2338 781 2698 873 ambigens,
2738 791 2811 854 in

522 988 534 996 ,
587 919 756 983 hanc
797 924 1050 1001 partem
1089 919 1292 996 affert,
1331 923 1504 982 recte
1540 917 1746 982 bonos
1769 917 2086 1000 appellari
2108 916 2523 999 pakayajnOS,
2551 915 2725 999 quod
2748 920 2815 978 et

582 1043 933 1108 samskiiros
991 1045 1390 1121 contineant,
1455 1063 1590 1108 esse
1655 1049 1875 1107 autem
1945 1040 2297 1105 samskiiros
2335 1041 2811 1121 qarbkddha‘nanz

583 1174 648 1233 et
691 1169 826 1232 alia
870 1169 1263 1246 huiusmodi,
1310 1169 1353 1232 i.
1402 1187 1456 1232 e.
1503 1187 1600 1246 ea,
1647 1187 1818 1251 quae
1863 1168 1934 1230 in
1974 1157 2326 1251 Kcvsmrti
2393 1166 2586 1231 modo
2650 1166 2811 1229 vidi-

585 1314 732 1357 mus
777 1293 1168 1356 naimittikdh
1212 1259 1943 1375 samslcdrdffiappellari.
1991 1293 2115 1356 Sed
2162 1293 2296 1354 iam
2344 1293 2500 1355 satis
2544 1293 2809 1374 longam

581 1419 852 1483 fecimus
895 1419 1381 1502 digressionem.
1428 1417 1568 1482 Hoc
1618 1423 1876 1482 tantum
1926 1417 2166 1494 addito,
2215 1418 2330 1481 ubi
2378 1423 2811 1481 sacramento-

584 1563 733 1606 rum
786 1562 946 1607 voce
989 1542 1060 1606 in
1108 1543 1303 1607 hocce
1349 1542 1656 1625 opusculo
1722 1542 1820 1604 usi
1881 1542 2144 1618 erimus,
2208 1561 2464 1623 semper
2524 1540 2810 1604 naimitti-

583 1670 688 1733 kds
732 1669 879 1747 dici,
923 1669 1268 1733 redeamus
1310 1669 1392 1730 ad
1435 1668 1685 1732 codices
1730 1671 2001 1731 nostros.

671 1793 971 1876 Quorum
1031 1795 1147 1878 qui
1193 1799 1289 1858 est
1336 1764 1624 1876 quartusss
1674 1793 2223 1857 commentarium
2271 1794 2563 1858 continet
2609 1792 2811 1856 Nare.-

581 1921 738 2002 yani
796 1921 880 1982 ad
939 1909 1349 2004 Xcvalfiyani
1403 1916 1815 2000 grhyasfitra,
1858 1917 1993 1979 iam
2042 1917 2241 1980 semel
2287 1923 2352 1981 et
2396 1917 2495 1981 bis
2538 1937 2579 1981 a
2622 1918 2811 1982 nobis

583 2045 946 2109 laudatum.
1007 2045 1344 2109 Habemus
1403 2063 1552 2106 eum
1615 2043 1751 2105 iam
1815 2043 2064 2106 editum
2104 2043 2174 2104 in
2212 2043 2532 2111 Biblioth.
2582 2044 2807 2107 Indica

585 2168 814 2246 textui,
853 2187 1050 2251 quem
1089 2168 1574 2250 interpretatur,
1613 2167 1930 2244 adiectus3
1974 2186 2227 2229 merum
2274 2167 2474 2231 codex
2520 2168 2811 2232 continet

585 2267 1160 2369 commentarium,⁴
1194 2293 1425 2375 primis
1463 2296 1723 2354 tantum
1762 2297 1826 2356 et
1865 2291 2117 2354 ultimis
2155 2292 2371 2355 verbis
2400 2291 2803 2374 singulorum

583 2421 912 2480 sut-rorum
976 2416 1055 2479 de
1115 2435 1298 2479 more
1336 2416 1665 2498 appositiS,
1706 2435 1946 2498 perque
1986 2415 2261 2495 lineolas
2296 2417 2527 2479 rubras
2564 2416 2809 2478 subiec-

495 2533 512 2554 ’
583 2548 682 2605 tas
727 2541 1066 2606 distinctis.
1114 2541 1350 2607 Totum
1401 2541 1686 2606 codicem
1737 2560 1889 2606 cum
1936 2540 2220 2605 editione
2264 2541 2552 2605 conferre
2598 2539 2810 2604 adhuc

581 2688 698 2751 per
755 2674 1010 2750 tempus
1054 2669 1219 2730 mihi
1267 2687 1398 2732 non
1445 2667 1661 2745 licuit;
1710 2687 1918 2751 pauca
1963 2673 2025 2731 et
2070 2668 2199 2731 huc
2244 2668 2516 2731 ferentia
2561 2668 2808 2731 exami-

581 2795 760 2858 navi.
822 2794 1222 2857 variet-atem
1285 2793 1642 2858 lectionum
1709 2794 1884 2857 haud
1937 2794 2241 2876 exiguam
2290 2811 2445 2871 esse,
2494 2793 2612 2856 etsi
2660 2811 2807 2856 raro

579 3072 846 3141 primaque
873 3086 991 3139 pars
1021 3071 1295 3139 compositi
1318 3072 1467 3140 pcika
1496 3070 1880 3125 substantivum
1912 3072 2050 3125 foret
2078 3072 2130 3124 vi
2158 3072 2483 3140 „coquendi”
2512 3072 2621 3125 sive
2650 3115 2678 3135 ‚‚
2694 3088 2807 3126 coc·

579 3162 789 3227 tioniS‚”
819 3161 995 3231 itaque
1026 3162 1291 3227 sacrificia,
1321 3162 1386 3215 ad
1416 3178 1546 3230 quae
1577 3161 1867 3231 peragenda
1888 3161 2121 3216 coctione
2139 3178 2265 3231 opus
2284 3165 2436 3225 esset,
2456 3167 2658 3232 septem
2676 3179 2805 3232 qnae

580 3253 878 3324 angustiore
910 3269 1065 3305 sensu
1097 3252 1377 3322 pzikayajfii
1411 3256 1667 3320 putentur
1700 3253 1857 3306 initio
1892 3252 1967 3306 sic
2000 3252 2259 3321 appellata
2294 3268 2407 3306 esse
2440 3252 2711 3307 contendit
2728 3254 2808 3306 vir

580 3344 910 3407 clarissimae,
945 3344 1239 3412 sensimque
1275 3360 1460 3397 nomen
1497 3344 1552 3396 in
1587 3359 1739 3397 omne
1766 3360 1930 3413 genus
1958 3360 2099 3397 sacra
2122 3343 2405 3398 domestica
2428 3361 2541 3399 esse
2561 3348 2805 3408 tractum,

577 3436 630 3489 in
662 3451 719 3489 ea
753 3450 972 3503 quoque,
1005 3433 1096 3487 ubi
1132 3435 1300 3487 coctio
1320 3449 1424 3487 non
1446 3435 1555 3487 fiat.
1584 3434 1749 3488 Caute
1775 3449 1897 3487 sane
1921 3434 2052 3487 hanc
2076 3434 2185 3487 edit
2208 3436 2542 3489 sententiam.
2565 3435 2807 3489 Praeter-

578 3524 750 3579 videre
784 3524 914 3579 mihi
947 3528 1124 3578 tamen
1157 3524 1363 3578 videtur
1396 3526 1477 3579 vir
1511 3525 1631 3579 clar.
1668 3524 1975 3578 vocabulum
2006 3526 2151 3593 palca
2186 3542 2287 3579 non
2327 3526 2464 3580 idem
2500 3543 2611 3581 esse
2646 3528 2804 3595 atque

569 3617 764 3685 pakva.
800 3616 968 3680 Quare
1001 3615 1067 3669 ab
1098 3615 1244 3669 Indis
1269 3616 1588 3685 propositam
1611 3616 1982 3685 etymologiam
2005 3617 2151 3685 sequi
2168 3621 2415 3685 praestat.
2441 3618 2605 3684 Quem
2628 3622 2806 3672 autem

577 3708 732 3760 affert
777 3707 1014 3761 Stenzlcr
1063 3723 1268 3761 versum
1312 3724 1373 3761 ex
1414 3708 1608 3781 Csinkh.
1645 3707 1777 3764 Grh.
1812 3707 1856 3770 Ι,
1897 3710 1939 3771 1,
1978 3710 2063 3763 15:
2092 3710 2473 3777 pdkasamsthd
2506 3712 2806 3764 havihsam-

575 3798 727 3851 sthcih
754 3799 1157 3851 somasamstkaeis
1183 3798 1518 3867 ταιΙιᾶρανᾶὶι,
1541 3800 1600 3851 in
1623 3815 1685 3852 eo
1706 3799 1956 3867 profecto,
1981 3814 2097 3853 cum
2114 3800 2363 3854 vocabula
2378 3802 2807 3856 havihsamsthcih

577 3892 631 3943 et
654 3888 1070 3942 somasamsthdh
1093 3888 1368 3942 bahuvrihi
1391 3890 1500 3943 sint
1526 3890 1826 3958 composita,
1853 3894 1907 3944 et
1924 3892 2342 3959 pdkasamstkdh
2359 3893 2433 3945 sic
2450 3893 2804 3961 explicandum

576 3996 688 4033 esse
719 3982 1115 4033 consentaneum
1148 3983 1245 4033 est.
1278 3981 1432 4033 Pelea
1459 3981 1628 4050 igitur
1662 3981 1719 4033 in
1753 3966 1862 4034 hoc'
1884 3997 2039 4035 versu
2073 3983 2361 4036 necessario
2391 3986 2473 4037 est
2506 3985 2805 4053 sthcilipdka

576 4072 828 4134 „coctio”
864 4071 1050 4134 „cibus
1086 4075 1262 4125 coctus
1274 4073 1318 4123 ''.
1361 4074 1491 4126 Cum
1526 4088 1608 4126 res
1641 4072 1723 4125 ita
1751 4089 1863 4126 sese
1886 4072 2090 4135 habeat,
2111 4072 2213 4126 duo
2237 4073 2345 4126 sint
2368 4064 2616 4127 vocabula⁸
2632 4076 2804 4143 peika-

572 4165 736 4233 yojtm
780 4179 1018 4227 necesse3
1066 4162 1290 4217 alterum
1343 4164 1688 4233 compositum
1746 4180 1773 4218 e
1819 4166 1985 4232 ,maffia
2027 4166 2083 4217 et
2132 4163 2299 4218 subst.
2342 4166 2493 4233 pcika
2526 4184 2593 4217 τ·-
2622 4166 2803 4218 schali-

567 4256 716 4323 pdka
751 4256 953 4323 septem
987 4253 1264 4325 designans
1299 4254 1616 4324 pskayajsxos
1651 4254 1741 4323 qui
1772 4254 2007 4307 coctione
2033 4255 2182 4317 fiunt,
2214 4255 2433 4308 alterum
2458 4255 2803 4323 compositum

579 4363 606 4398 e
637 4347 799 4415 ‚osajsea
832 4348 888 4399 ct
918 4345 1020 4398 adi.
1047 4346 1194 4414 pcika
1232 4348 1407 4399 totum
1441 4362 1604 4414 genus
1638 4345 1924 4414 grhyorum
1957 4345 2267 4415 significans.
2304 4345 2498 4400 Verum
2539 4346 2801 4400 enimvero

578 4436 680 4489 adi.
713 4437 769 4489 et
803 4434 972 4489 subet.
997 4436 1147 4505 pcika
1179 4435 1236 4488 in
1269 4451 1430 4489 unum
1465 4435 1775 4489 confundere
1809 4450 1911 4489 non
1946 4434 2085 4489 licet.
