3325 5200
1588 580 1712 647 110

532 797 867 863 domestici
932 815 1167 880 parum
1228 803 1509 862 aetatem
1568 799 1795 862 tulisse
1855 799 2208 863 videbitur.
2272 799 2493 864 Facile
2563 799 2766 864 etiam

531 925 821 988 accidere
858 923 1093 1006 potuit,
1136 933 1208 987 ut
1248 925 1318 986 in
1352 924 1695 987 nonnullis
1741 925 2010 988 familiis
2045 926 2428 990 civitatibus
2465 927 2768 991 tribubus

530 1050 855 1115 obtineret
902 1051 1276 1113 huiusmodi
1320 1052 1507 1127 ritus,
1554 1051 1641 1114 ab
1692 1050 1976 1114 aliorum
2031 1052 2329 1115 moribus
2365 1053 2764 1116 abhorerret.

531 1176 600 1238 Si
638 1176 780 1253 fuit,
826 1177 1111 1258 profecto
1156 1195 1291 1239 non
1337 1177 1663 1258 insignem
1710 1177 1780 1238 in
1828 1195 1899 1240 re
1946 1177 2174 1240 divina
2219 1178 2432 1242 tenuit
2475 1178 2718 1242 locum.

527 1426 703 1507 apud
758 1425 930 1490 Non.
956 1445 1101 1509 pag.
1134 1425 1212 1489 74
1236 1425 1337 1488 G.:
1372 1425 1714 1502 „Edusam
1766 1432 1830 1490 et
1876 1427 2190 1491 Potinam
2243 1427 2570 1510 praesides
2613 1429 2763 1492 vult

525 1551 767 1614 habere
839 1569 1194 1633 puerorum
1271 1551 1481 1613 Varro
1540 1549 1707 1615 Cato
1767 1553 1873 1616 vel
1937 1552 2016 1616 de
2077 1552 2302 1618 liberis
2379 1552 2759 1616 educandis:

524 1695 675 1740 cum
722 1697 839 1757 pro
902 1675 1311 1760 [primoresi']
1378 1673 1425 1760 1)
1486 1677 1632 1742 cibo
1695 1682 1762 1741 et
1807 1679 2073 1759 potione
2116 1679 2460 1742 initiarent
2505 1699 2759 1762 pueros,

522 1803 1059 1866 sacrificabantur
1116 1803 1201 1867 ab
1266 1803 1569 1866 edulibus
1616 1804 1876 1867 Edusae
1923 1823 1964 1866 a
2008 1805 2276 1887 potione
2319 1805 2595 1870 Potinae
2640 1825 2761 1868 nu·

520 1928 731 1993 trici'’.
792 1927 1100 1992 Mancum
1164 1929 1425 1992 videtur
1486 1930 1607 1993 hoc
1671 1930 1988 1993 Varronis
2029 1931 2497 2012 fragmentum,
2545 1949 2762 2013 neque

519 2072 745 2117 recens
802 2059 993 2117 natos
1051 2055 1136 2117 ab
1199 2073 1275 2117 eo
1337 2055 1615 2137 spectari
1662 2060 1758 2120 est
1803 2055 2164 2137 probabile.
2214 2053 2386 2119 Cum
2434 2056 2757 2139 annapra-

520 2199 683 2264 cano
732 2177 782 2264 2)
832 2181 1276 2244 initiationem
1321 2180 1505 2243 illam
1555 2199 1949 2263 componere
1990 2187 2305 2264 praestat.
2345 2179 2535 2262 Quae
2575 2183 2750 2244 enim

518 2305 757 2369 Donat.
782 2305 866 2368 ad
890 2305 1147 2370 Terent.
1174 2307 1441 2370 Phorm.
1467 2307 1516 2383 I,
1549 2307 1605 2383 l,
1637 2307 1714 2368 15
1786 2306 1988 2371 Probi
2055 2305 2474 2390 grammatici
2537 2307 2794 2386 affertzfl

517 2431 845 2513 „Legitur
865 2432 1040 2514 apud
1080 2431 1472 2511 Varronem,
1512 2432 1768 2494 initiari
1805 2451 2042 2515 pueros
2081 2432 2360 2514 Eduliae
2399 2437 2464 2495 et
2487 2432 2754 2496 Poticae

518 2561 582 2621 et
628 2555 875 2637 Cubae,
923 2557 1093 2621 divis
1138 2558 1371 2623 edendi
1418 2562 1482 2622 et
1528 2558 1802 2641 potandi
1847 2563 1912 2622 et
1957 2558 2260 2637 cubandi,
2307 2559 2427 2622 nbi
2465 2558 2756 2641 primum

516 2702 557 2747 a
616 2684 784 2747 lacte
852 2689 917 2747 et
963 2703 1004 2746 a
1046 2683 1236 2746 cunis
1278 2682 1726 2747 transierunt”
1773 2704 1870 2762 ea,
1917 2702 2324 2766 quamquam
2371 2702 2412 2746 a
2456 2684 2755 2747 Phormi-

516 2810 679 2887 onis,
740 2828 937 2891 quem
999 2810 1471 2891 interpretatur
1531 2809 1675 2873 loco
1721 2809 1960 2888 aliena,
2007 2814 2081 2872 ut
2124 2814 2297 2873 recte
2340 2810 2479 2891 ipse
2523 2809 2756 2872 statuit

517 2936 830 3013 Donatus,
877 2954 959 2997 ex
1004 2953 1080 2998 eo
1126 2936 1304 2998 fonte
1346 2952 1645 2998 manasse
1685 2934 1871 2999 cuius
1905 2934 2203 2997 rivulum
2241 2934 2417 3017 apud
2455 2933 2750 2998 Nonium

512 3059 707 3124 modo
754 3060 1041 3122 adiimus
1085 3059 1441 3124 admodum
1490 3064 1585 3122 est
1628 3059 2009 3123 verisimile.
2056 3059 2440 3141 Eodemque
2477 3060 2579 3123 usi
2615 3078 2752 3123 esse
2817 3082 2823 3087 ·

510 3184 821 3248 videntur
878 3188 1095 3265 patres
1158 3183 1593 3261 ecclesiastici,
1656 3184 1916 3266 quoties
1973 3184 2240 3249 Poticae
2289 3184 2451 3265 (sive
2474 3185 2750 3248 Potinae

510 3309 647 3373 sive
670 3310 943 3392 Potuae)
1007 3314 1071 3372 et
1132 3308 1413 3371 Eduliae
1478 3308 1638 3389 (sive
1662 3308 1946 3392 Edusae)
2009 3309 2416 3372 mentionem
2479 3310 2747 3386 faciunt,

511 3434 689 3497 velut
736 3434 1012 3517 August.
1036 3434 1117 3497 de
1142 3432 1286 3497 civ.
1314 3433 1435 3496 Dei
1461 3432 1587 3511 IV,
1610 3434 1720 3511 113
1749 3434 1862 3511 VI,
1891 3435 1951 3497 9.

574 3744 613 3809 ¹)
650 3741 973 3813 Marquardt‚
1019 3742 1167 3795 Rom.
1204 3741 1545 3807 Alterth.IV,
1564 3758 1679 3810 pag.
1707 3742 1782 3805 12,
1804 3728 2022 3805 annii-39,
2060 3740 2142 3793 cui
2177 3738 2340 3793 debeo
2378 3739 2516 3792 hunc
2555 3738 2744 3800 locum,

504 3832 696 3902 siglum
733 3850 835 3902 pro
878 3832 1117 3898 explicat,
1165 3834 1225 3887 ut
1268 3832 1530 3902 significet
1572 3832 1758 3901 prim0.
1807 3832 2073 3884 Primores
2116 3834 2292 3885 autem
2341 3830 2518 3883 inveni
2553 3830 2607 3882 in
2639 3828 2746 3882 dis-

502 3924 790 3979 sertatione
840 3924 943 3977 viri
993 3923 1130 3977 doct.
1180 3924 1467 3986 Francken,
1520 3924 1841 3992 Fragmenta
1889 3922 1965 3977 M.
2015 3922 2132 3976 Ter.
2185 3921 2434 3975 Varronis
2479 3924 2577 3975 etc.
2619 3922 2746 3977 183ss

500 4032 605 4071 non
649 4014 845 4081 addite,
886 4014 951 4069 de
996 4032 1090 4069 suo
1141 4032 1259 4071 eum
1306 4015 1385 4069 ita
1429 4014 1733 4069 mutavisse.
1781 4014 2027 4080 Quamvis
2056 4013 2188 4066 mihi
2223 4029 2324 4067 non
2359 4015 2582 4077 constet,
2619 4012 2746 4082 quid

502 4106 769 4174 scripserit
815 4105 995 4169 Varro,
1042 4106 1370 4178 Marquardti
1422 4105 1748 4160 coniecturae
1788 4104 1886 4158 hoc
1931 4104 2063 4157 mihi
2099 4104 2307 4157 obstare
2347 4094 2568 4166 videtur,
2606 4102 2743 4174 quod

500 4198 731 4252 abundat
756 4202 947 4268 primo,
981 4199 1085 4252 iam
1120 4214 1280 4252 unum
1316 4200 1527 4251 initiare
1570 4200 1625 4251 te
1661 4196 1818 4267 cogit,
1853 4198 1914 4250 ut
1945 4194 2008 4249 de
2036 4196 2200 4262 primo
2229 4194 2346 4249 cibo
2377 4194 2591 4264 cogites.
2611 4194 2741 4247 For·

498 4292 640 4345 tasse
675 4290 731 4344 in
766 4288 941 4345 codice
976 4290 1232 4359 scriptum
1257 4308 1369 4360 prs,
1403 4299 1581 4360 patres
1614 4289 1933 4363 significans.

562 4383 605 4447 π>
642 4381 676 4436 i.
712 4396 756 4437 e.
792 4384 1189 4445 sacramentum,
1235 4397 1337 4453 quo
1374 4382 1593 4451 sugendi
1626 4382 1779 4435 finito
1811 4384 2048 4449 tempore
2087 4379 2151 4433 ad
2191 4378 2352 4432 alium
2385 4378 2560 4432 cibum
2595 4380 2738 4431 tran-

496 4473 637 4527 sibat
676 4474 862 4527 infans.
