3325 5200
1942 529 1979 588 6

841 740 1024 799 catus
1083 741 1195 812 est,
1247 735 1423 819 quod
1481 737 1771 819 spatium
1816 738 1901 800 ab
1948 756 2125 801 anno
2174 737 2433 802 circiter
2476 741 2945 804 sexcentesimo
3000 742 3091 804 ad

842 882 1095 925 annum
1141 862 1662 926 ducentesimum
1710 868 1865 926 ante
1905 882 2129 927 aeram
2172 869 2463 927 nostram
2500 865 2826 948 pertinere
2868 869 3091 930 conie-

843 989 950 1052 cit.
999 988 1124 1052 Sed
1167 1009 1320 1052 cum
1367 994 1431 1052 et
1476 989 1612 1071 ipse
1659 988 1834 1053 lianc
1880 1009 2069 1052 suam
2110 991 2555 1054 coniecturam
2600 997 2789 1055 caute
2828 998 2893 1056 et
2932 992 3091 1087 hae-

843 1112 1117 1175 sitanter
1159 1112 1506 1195 protulerit
1550 1112 1652 1194 (cf.
1694 1113 2024 1196 imprimis
2058 1113 2103 1177 1.
2144 1114 2189 1177 1.
2223 1133 2368 1197 pag.
2414 1116 2587 1198 244),
2629 1115 3087 1194 Goldstiicker,

846 1236 950 1299 vir
1007 1238 1180 1300 inter
1241 1238 1564 1320 principes
1626 1238 1973 1322 Indologos
2035 1238 2499 1317 nominandae,
2560 1240 2634 1302 in
2680 1241 3091 1323 praefatione

843 1361 930 1423 ad
989 1359 1679 1444 Manavakalpasfitra,
1733 1381 1904 1444 quae
1948 1363 2071 1426 sub
2120 1362 2313 1426 titulo
2358 1361 2695 1440 „Panini”
2743 1364 2945 1426 etiam
2990 1383 3088 1427 se-

842 1489 1126 1570 paratim
1195 1488 1372 1551 edita
1441 1495 1554 1566 est,
1623 1508 1769 1572 pag.
1846 1489 2100 1550 68—80
2174 1494 2389 1553 totum
2458 1489 2577 1553 hoc
2624 1490 3090 1574 chronologiae

845 1612 1214 1676 aedificium
1253 1613 1548 1677 insolidis
1573 1614 2028 1680 fundamentis
2072 1620 2588 1697 superstructum
2634 1634 2770 1678 esse
2808 1617 2903 1679 ita
2940 1636 3090 1699 pro·

847 1740 1049 1817 bavit,
1114 1745 1187 1803 ut
1250 1741 1346 1802 nil
1412 1741 1572 1805 certi
1634 1742 1713 1805 de
1774 1745 1987 1805 aetate
2033 1761 2261 1805 eorum
2309 1741 2523 1805 adhuc
2568 1743 2901 1825 prolatum
2950 1763 3091 1806 esse

846 1884 1060 1948 neque
1117 1885 1234 1948 pro
1298 1867 1536 1949 exigua
1595 1867 1859 1930 Indicae
1904 1867 2364 1949 chronologiae
2412 1867 2704 1945 scientia,
2752 1886 2919 1950 quae
2970 1869 3090 1932 eti·

847 2011 1135 2054 amnunc
1196 1992 1468 2068 obtinet,
1524 1991 1798 2074 proferri
1844 1993 2150 2074 potuisse,
2202 1992 2369 2054 mihi
2405 1992 2818 2075 persuaserit.

937 2115 1151 2198 Atque
1198 2116 1264 2178 id
1309 2117 1484 2198 quod
1522 2116 1705 2181 suti-a
1744 2119 2049 2200 componi
2091 2122 2322 2200 coepta
2358 2123 2531 2196 sunt,
2572 2124 2917 2200 postquam
2948 2119 3089 2180 iam

847 2247 987 2302 erat
1046 2240 1212 2303 illud
1270 2260 1474 2323 genus
1531 2242 1942 2324 scriptorum,
2007 2242 2113 2305 cui
2173 2240 2632 2319 „brahmana”
2680 2247 2775 2306 est
2818 2262 3089 2321 nomen,

846 2365 1086 2426 Miiller
1129 2365 1601 2428 demonstravit
1646 2368 1933 2448 profecto
1945 2393 1963 2444 3
2018 2366 2120 2429 vel
2166 2367 2535 2449 discrepans
2579 2368 2812 2451 probat
2857 2368 3094 2450 lingua

848 2488 950 2550 vel
997 2489 1144 2551 Indi
1193 2489 1541 2571 diligenter
1585 2490 2059 2573 distinguentes
2106 2491 2279 2554 inter
2324 2497 2663 2554 aeternam
2714 2491 2985 2575 (nitya‘m)
3022 2500 3093 2556 et

849 2614 1145 2676 divinam
1205 2614 1416 2695 §ratim
1481 2621 1544 2678 et
1604 2615 1805 2693 sutra,
1868 2616 2236 2679 humanum
2295 2636 2474 2699 opus,
2541 2618 2847 2699 quamvis
2908 2637 2985 2680 ea
3050 2638 3093 2680 a

848 2740 1342 2822 sapientissimis
1391 2742 1811 2822 maximeque
1851 2742 2125 2803 austeris
2163 2742 2453 2805 confecta
2492 2760 2627 2803 esse
2665 2741 3089 2805 contendant.

848 2864 997 2927 Vid.
1059 2864 1213 2926 Max
1273 2864 1514 2929 Miiller
1573 2865 1667 2929 l.l.
1731 2885 1917 2949 pagg.
1993 2866 2272 2944 95-97,
2321 2866 2753 2930 Goldstiicker
2796 2866 2890 2929 1.l.
2936 2886 3089 2949 pag.

851 2989 929 3051 10
995 3008 1088 3070 sq.
1151 2994 1216 3051 et
1270 2990 1380 3071 qui
1429 2990 1522 3053 ibi
1569 2990 1926 3053 laudantur
1970 2989 2296 3054 Kumaril.
2344 2990 2426 3053 ad
2470 2989 3091 3071 Jaiminiyanyaya-

848 3114 1273 3178 malavistara
1321 3116 1372 3193 I,
1426 3116 1528 3193 3,7
1571 3135 1708 3198 sqq.
1752 3120 1816 3178 et
1854 3114 2371 3205 Qabarasvamin
2414 3116 2497 3178 ad
2540 3115 2820 3179 eundem
2864 3115 3087 3179 locum

845 3242 1203 3305 statuentes
1281 3242 1652 3325 Macakum,
1722 3241 2270 3323 Baudhayanum,
2340 3231 2844 3324 Kpastambum‚
2916 3240 3086 3303 alios

848 3368 1377 3448 kalpasutrorum
1447 3388 1580 3431 non
1651 3367 1866 3431 solum
1927 3372 2242 3444 auctoreS,
2306 3367 2417 3429 sed
2480 3368 2681 3439 etiam
2744 3366 3090 3447 scriptores

851 3512 985 3555 esse
1047 3494 1533 3566 existimandos.
1597 3491 1790 3572 Quod
1850 3494 2024 3555 idem
2088 3495 2164 3556 de
2210 3490 2619 3575 grhyasutris
2670 3496 2765 3554 est
2813 3491 3089 3567 dictum,

847 3619 1164 3699 quoniam
1219 3637 1296 3679 ea
1342 3637 1511 3699 quae
1557 3618 1867 3680 novimus
1913 3624 2027 3680 aut
2072 3637 2188 3699 pro
2238 3615 2801 3699 crautasfitrorum
2849 3634 3088 3697 appen-

849 3742 989 3803 dice
1043 3746 1194 3803 sunt
1255 3746 1371 3804 aut
1432 3748 1604 3804 certe
1651 3742 1942 3803 eiusdem
1988 3742 2243 3823 generis
2289 3741 2666 3803 auctoribus
2712 3740 3088 3803 adscribun-

849 3871 956 3927 tur
1020 3862 1092 3948 1).
1161 3865 1260 3945 (cf.
1327 3866 1528 3928 etiam
1591 3865 1837 3945 Naray.
1894 3865 1975 3928 ad
2024 3865 2185 3949 A9v.
2234 3864 2438 3945 Grhy.
2485 3864 2601 3941 111,
2652 3839 2752 3941 ai
2803 3871 2874 3943 τῇ
2921 3864 3101 3947 mtya‘

848 3989 1008 4069 fruti
1063 4009 1393 4072 opponens
1439 3989 1718 4074 arzitydni
1758 3989 2045 4073 selbo-dni).
2098 3990 2486 4053 Terminum
2536 4009 2712 4066 vero,
2761 3989 2845 4051 ad
2890 4007 3085 4071 quem

917 4209 959 4273 ¹)
1007 4208 1084 4261 Cf.
1135 4208 1371 4261 Stenzler
1414 4208 1483 4261 1.1.
1529 4225 1646 4277 pag.
1692 4208 1789 4261 5229
1836 4224 1919 4275 sq:
1968 4207 2198 4276 „Einige
2246 4206 2517 4260 derselben
2554 4206 2837 4261 schliessen
2875 4206 2987 4260 sich
3022 4224 3084 4259 an

850 4298 1215 4371 (Jrauta-sfitra
1257 4300 1334 4353 als
1379 4301 1757 4369 Erganzungen
1791 4315 1873 4354 an.
1908 4298 2095 4352 andere
2132 4299 2377 4351 scheinen
2415 4298 2825 4367 selbststandige
2862 4298 3085 4351 Werken

847 4404 910 4441 zu
947 4389 1171 4443 bilden.''
