3325 5200
1929 559 2010 620 82

850 771 925 836 in
982 771 1111 836 fine
1170 791 1301 834 vox
1356 769 1704 854 kaketriya‘d
1755 789 1890 834 non
1947 769 2034 832 sit
2089 768 2412 848 labatum,
2473 768 2668 832 aliter
2725 769 3088 852 explicetur

848 915 1108 962 necesse
1142 901 1341 980 atque
1376 915 1577 979 supra
1612 895 1904 958 vidimus
1939 896 2014 958 in
2051 895 2432 958 recensione
2469 893 2626 958 Ath.
2669 895 2831 958 Ved.
2871 893 3088 976 Atque

852 1042 933 1086 ea
970 1021 1317 1105 explicatio
1353 1023 1451 1084 ita
1486 1022 1559 1084 in
1594 1026 1926 1105 promptu,
1961 1024 2040 1084 ut
2071 1021 2208 1083 iam
2243 1021 2432 1102 prins
2451 1039 2654 1102 quam
2677 1019 3088 1084 consulerem

854 1148 1053 1212 Taitt.
1072 1147 1363 1226 Brahm„
1396 1147 1475 1211 de
1507 1165 1587 1211 ea
1612 1147 2062 1229 cogitaverim.
2095 1145 2366 1209 Etenim
2397 1145 2638 1208 λεύει-ω
2669 1165 2828 1210 cum
2851 1145 3092 1208 habeat

857 1273 1059 1338 etiam
1107 1273 1247 1336 vim
1291 1272 1592 1352 ,‚uteri”,
1638 1272 1959 1357 ksbetriya,
2004 1321 2046 1351 „
2067 1271 2411 1336 uterinus”
2455 1274 2541 1336 sit
2585 1291 2866 1337 necesse.
2913 1270 3092 1352 Quid

854 1398 1237 1482 simplicius,
1275 1399 1437 1482 quid
1472 1399 1748 1472 facilius,
1787 1417 1990 1481 quam
2029 1403 2104 1461 ut
2142 1399 2401 1461 uterino
2438 1397 2636 1475 ma10,
2674 1397 2938 1460 uterina
2967 1397 3092 1458 im·

852 1526 1159 1607 puritate,
1198 1525 1497 1589 sordibus
1532 1544 1784 1590 novum
1821 1529 2056 1588 natum
2097 1524 2394 1588 carmine
2415 1522 2651 1586 liberet
2669 1520 2892 1604 pater?
2913 1521 3090 1584 Nam

856 1655 921 1714 et
971 1669 1199 1734 reapse
1252 1649 1549 1714 sordidus
1593 1655 1690 1714 est
1727 1654 1922 1713 natus
1957 1655 2024 1714 et
2059 1668 2144 1714 ex
2178 1647 2497 1712 Indorum
2535 1652 2758 1710 mente
2786 1647 3094 1727 impurus

860 1773 1015 1854 (vid.
1038 1775 1216 1838 Man.
1239 1773 1324 1854 11,
1351 1775 1483 1859 29).
1524 1773 1928 1857 Comprobat
1951 1775 2110 1838 haec
2134 1773 2484 1838 scholiasta
2507 1772 2590 1835 ad
2615 1773 2926 1836 ultimum
2950 1792 3094 1835 ver·

856 1917 1003 1963 sum
1026 1905 1381 1963 annotans:
1408 1897 1856 1981 kqua'tpdqaeit,
1880 1898 2225 1980 habeto-ij&
2250 1897 2555 1961 metram
2575 1896 3090 1978 qarbhascha‘nam

860 2025 1397 2110 tati-otpannatvdt.
1452 2061 1541 2072 -
1597 2024 2013 2104 Jdmiqamsdd
2064 2024 2240 2106 quod
2292 2023 2694 2088 vocabulum
2741 2023 3098 2106 prudenter

856 2149 927 2212 in
984 2150 1199 2232 primo
1258 2168 1453 2214 versu
1511 2169 1890 2232 expunxere
1934 2149 2007 2228 ii,
2051 2149 2168 2231 qui
2213 2167 2483 2211 carmen
2527 2147 2974 2226 recensebant,
3019 2148 3094 2210 in

857 2279 987 2340 fine
1045 2296 1154 2341 eos
1211 2276 1457 2342 fefellit.
1518 2277 1696 2340 Diris
1753 2277 1824 2338 in
1883 2293 2074 2358 prece
2125 2279 2419 2357 paterna,
2460 2291 2594 2356 qua
2639 2273 2852 2336 filium
2899 2272 3097 2334 malis

857 2404 1112 2482 liberet,
1171 2422 1306 2467 non
1370 2421 1507 2466 esse
1548 2402 1771 2466 locum
1817 2401 2176 2464 admodum
2223 2405 2318 2464 est
2365 2399 2808 2462 manifestum.
2854 2399 3095 2480 Depre·

862 2528 1093 2592 hensos
1138 2526 1611 2591 adulteratores
1660 2545 1882 2590 nonne
1933 2523 2181 2589 cernis?
2219 2523 2360 2588 Nisi
2405 2525 2570 2589 forte
2607 2528 2778 2586 stare
2814 2529 3096 2607 praestet

856 2672 1009 2719 cum
1054 2654 1421 2731 scholiasta,
1449 2651 1865 2736 ιγ’τῖηιίςκι1113ιῖιῖ
1902 2657 1976 2717 ut
2018 2651 2420 2717 adiectivum
2467 2650 2940 2733 interpretante
2975 2668 3094 2731 per

858 2776 1534 2863 dlaaeyaprakkycijvakdt,
1603 2779 1649 2841 i.
1699 2796 1754 2842 e.
1816 2777 2164 2861 „[vinculo
2211 2776 2483 2854 Varun‘r,
2532 2774 2842 2857 uterin0,]
2889 2774 3097 2837 imbe-

858 2903 1202 2967 cillitatem
1271 2903 1733 2969 manifestante
1801 2888 2222 2987 (declarante)
2239 2901 2302 2965 ’'.
2373 2938 2462 2948 --
2531 2898 2786 2979 Cetera,
2855 2900 3098 2982 quibus

859 3029 1028 3092 duae
1063 3028 1433 3111 discrepant
1474 3027 1649 3091 inter
1685 3046 1823 3092 sese
1859 3028 2268 3092 recensiones
2305 3032 2586 3104 nostrae,
2626 3026 2918 3090 indicare
2957 3045 3096 3089 non

862 3172 1023 3235 opus
1034 3178 1053 3232 3
1116 3152 1537 3237 componenti
1592 3172 1701 3217 eas
1759 3153 2100 3236 patebunt.
2163 3152 2392 3215 Unum
2449 3151 2729 3235 avartyai
2783 3152 2858 3214 in
2900 3171 3098 3219 versu

862 3284 1096 3362 quarto
1154 3278 1331 3361 quod
1389 3278 1670 3360 legimus
1715 3296 1832 3359 pro
1878 3279 2166 3360 avadqud,
2213 3277 2270 3339 si
2313 3281 2458 3359 post
2503 3251 2602 3355 ea,
2646 3294 2818 3358 quae
2863 3276 3096 3341 hucus-

861 3424 989 3488 que
1049 3404 1545 3487 disputavimus,
1598 3404 2072 3469 documentum
2129 3404 2524 3467 desiderares
2577 3421 2710 3485 quo
2756 3403 3098 3468 tolleretur

864 3549 1060 3596 omne
1086 3529 1371 3624 ‘dubium
1418 3530 1497 3594 de
1536 3535 1792 3593 mutato
1828 3530 2124 3594 carmine
2156 3528 2724 3611 atquemutilato,
2757 3528 3096 3592 sufficeret.

865 3654 1013 3719 Non
1073 3655 1262 3719 facile
1322 3656 1501 3719 enim
1564 3654 1688 3718 tibi
1747 3653 2160 3737 persuaseris,
2204 3653 2646 3736 antiquiorem
2695 3672 2831 3719 esse
2874 3654 3098 3717 lectio·

862 3800 1018 3844 nem
1066 3768 1298 3863 Xpast.
1358 3798 1739 3861 eorumque,
1783 3779 1898 3861 qui
1944 3783 2122 3841 stant
2165 3798 2316 3842 cum
2365 3798 2464 3858 en,
2519 3780 2574 3841 si
2631 3779 2750 3842 hoc
2805 3777 3096 3841 tenueris

864 3905 1223 3969 sexcenties
1274 3904 1344 3967 in
1407 3903 1607 3967 Vedis
1650 3903 1780 3986 legi
1841 3902 2091 3967 duritcld
2143 3902 2434 3987 avadycfd,
2491 3907 2863 3968 constanter
2923 3902 3100 3965 inter

864 4048 931 4093 se
990 4030 1365 4094 coniuncta.
1423 4030 1756 4093 Mutatum
1811 4047 1967 4093 vero
2011 4028 2291 4112 avartyai
2333 4047 2502 4093 eam·
2527 4028 2945 4093 divinitatem
2992 4026 3099 4089 vel

865 4153 1000 4220 vim
1038 4155 1407 4219 maleficam
1445 4154 1784 4239 significat,
1823 4173 2026 4237 quam
2068 4173 2261 4217 versu
2300 4154 2515 4236 priore
2556 4150 2857 4215 Kehetrrzm
2881 4151 3100 4235 appel·

866 4282 990 4345 lari
1026 4281 1349 4346 videmus
1390 4281 1617 4363 Neque
1655 4279 1874 4345 Avarti
1911 4281 2200 4344 multum
2237 4280 2452 4344 differt
2475 4279 2734 4343 anirrtz’·
2749 4284 2813 4343 et
2834 4277 2958 4341 a‘rti
2967 4302 2987 4356 3
3018 4278 3098 4340 cf.

867 4408 946 4472 A.
979 4408 1053 4470 V.
1080 4408 1166 4487 X,
1196 4407 1305 4470 10:
1331 4406 1487 4470 drtz'r
1522 4406 1756 4470 avar-tir
1791 4405 2021 4471 nirrtih
2059 4407 2200 4469 kuto
2236 4428 2320 4470 nu
2349 4406 2611 4487 purum
2647 4403 2858 4467 'matih
2869 4430 2888 4483 3
2910 4422 3100 4487 quae
