3325 5200
1646 540 1770 602 123

589 749 691 828 iis,
762 767 933 832 quae
1000 748 1193 814 modo
1266 749 1347 814 de
1391 749 1460 811 vi
1522 767 1848 832 aquarum
1893 750 2265 814 statuimus.
2309 750 2550 813 Lavari
2593 753 2820 814 autem

590 880 845 956 natum,
894 879 969 939 ut
1014 877 1273 940 uterina
1316 880 1739 940 removeatur
1773 877 2142 959 impuritas,
2180 874 2408 959 procul
2447 876 2648 940 dubio
2683 895 2820 940 om·

590 1002 781 1065 nium
838 1003 969 1066 fere
1032 1005 1129 1066 est
1186 1003 1516 1086 gentium3
1574 1003 1910 1067 solennem
1972 1004 2323 1068 lavationis
2365 1003 2571 1067 ritum
2619 1003 2820 1067 etiam

588 1128 763 1211 apud
798 1132 1049 1191 veteres
1071 1115 1515 1192 Scandinavos
1536 1129 1875 1212 indagavit
1897 1128 2178 1208 Grimm,
2205 1129 2528 1194 Deutsche
2550 1127 2816 1192 Rechts-

587 1252 702 1351 alt.
726 1272 871 1336 pag.
897 1252 1023 1316 455
1086 1257 1152 1317 et
1206 1254 1590 1336 praesertim
1649 1273 1796 1338 pag.
1823 1254 1972 1319 457.
2017 1255 2523 1334 Luem-ationem,
2567 1254 2822 1338 pariter

590 1383 787 1461 atque
830 1379 1007 1461 apud
1048 1377 1267 1458 Indosj
1300 1380 1626 1461 praecedit-
1663 1379 1970 1445 sublatio.
2007 1380 2280 1444 Tollunt
2315 1383 2541 1444 autem
2581 1398 2820 1462 pueros

592 1510 657 1569 et
699 1505 1013 1569 Indorum
1070 1505 1328 1569 scholae
1372 1505 1627 1588 aliquot
1672 1510 1736 1570 et
1781 1505 2096 1570 Germani
2143 1510 2210 1571 et
2251 1505 2561 1571 Romani.
2609 1505 2819 1570 Susci-

590 1631 829 1714 piendo
887 1635 1074 1714 pater
1130 1631 1503 1694 declarabat
1560 1649 1629 1695 se
1675 1649 2022 1714 agnoscere
2066 1635 2322 1710 natum,
2367 1630 2625 1714 sibique
2668 1630 2823 1694 edu-

592 1757 779 1821 cendi
825 1776 959 1822 esse
1004 1757 1329 1820 animum.
1376 1757 1474 1820 De
1518 1756 1840 1820 Romanis
1879 1757 2002 1820 hoc
2045 1761 2319 1835 constat,
2362 1757 2435 1819 in
2476 1756 2824 1820 Germanis

485 1902 491 1909 ·
590 1882 871 1946 ostendit
912 1881 1193 1959 Grimm,
1232 1901 1430 1964 quem
1469 1882 1619 1945 vide
1656 1901 1802 1965 pag.
1844 1882 1970 1944 455
2012 1881 2512 1946 Rechtsalterth.
2551 1883 2624 1946 in
2650 1883 2820 1946 hanc

591 2026 731 2071 rem
778 2008 1001 2072 sedulo
1048 2007 1515 2089 inquirentem.
1557 2004 1750 2088 Quod
1786 2007 1843 2070 si
1877 2007 1948 2069 in
1991 2007 2372 2070 universum
2413 2005 2612 2086 valet,
2639 2025 2820 2090 prae-

593 2132 771 2197 clara
806 2133 953 2200 luce
993 2136 1207 2197 totum
1246 2132 1512 2216 affulget
1541 2131 1940 2216 jatakarma.
1979 2133 2253 2197 Peracta
2276 2132 2452 2196 enim
2478 2132 2586 2196 vel
2609 2132 2826 2215 prima

594 2259 734 2322 eius
779 2259 1171 2336 ceremonia,
1220 2258 1359 2322 sive
1404 2256 1707 2337 sublatio,
1747 2257 1888 2322 sive
1934 2257 2064 2322 cibi
2104 2257 2392 2321 initiatio
2431 2257 2642 2320 vitam
2679 2257 2824 2320 nati

594 2384 920 2461 tuebatur,
963 2402 1177 2466 neque
1214 2383 1499 2466 amplius
1536 2383 1796 2448 licuisse
1834 2387 2107 2466 apparet
2126 2383 2300 2465 patri
2322 2401 2648 2466 exponere
2672 2401 2826 2446 eum

596 2509 703 2573 vel
748 2528 1002 2574 necare.
1051 2509 1497 2573 Vetustissimi
1552 2515 1777 2574 autem
1823 2511 2028 2574 moris
2070 2511 2266 2574 fuisse
2309 2510 2575 2574 nonnisi
2617 2511 2827 2573 rectos

596 2642 661 2701 et
705 2636 939 2701 vitales
998 2636 1245 2715 tollere,
1290 2637 1607 2703 deformes
1654 2657 1810 2703 vero
1855 2638 2150 2722 vitioque
2195 2641 2418 2720 captos
2461 2636 2825 2700 interficere
2958 2626 2964 2631 ’

594 2762 974 2841 verisimile,
1014 2781 1164 2825 cum
1206 2781 1339 2826 non
1378 2762 1591 2827 solum
1634 2764 2000 2845 Spartiatae
2037 2764 2154 2827 diu
2190 2763 2281 2827 sic
2311 2780 2500 2846 agere
2523 2762 2824 2843 solerent,

594 2885 706 2950 sed
762 2888 965 2951 etiam
1018 2886 1231 2950 multa
1273 2887 1446 2969 apud
1483 2887 1822 2953 Romanos
1867 2892 2120 2953 exstent
2155 2868 2419 2966 indicia,
2460 2908 2516 2951 e.
2561 2908 2624 2971 g.
2673 2888 2823 2952 Sen.

597 3012 677 3075 de
699 3012 807 3075 Ira
828 3011 879 3090 1,
907 3013 1018 3077 15:
1078 3012 1376 3090 „liberos
1433 3031 1696 3096 quoque
1757 3014 1812 3077 si
1857 3013 2102 3077 debiles
2147 3014 2628 3097 monstrosique
2665 3014 2827 3078 editi

597 3142 752 3203 sunt
809 3137 1233 3221 mergimus”;
1293 3136 1745 3216 Liv.xXV11,
1775 3138 1879 3204 37.
1942 3138 2163 3221 Atque
2209 3139 2446 3203 veteris
2485 3138 2823 3223 religionis

598 3263 865 3331 fortasse
923 3263 1272 3345 vestigium
1332 3281 1591 3327 mecum
1656 3265 1953 3348 agnoscis
2020 3265 2092 3327 in
2139 3265 2317 3329 Suet.
2365 3262 2574 3347 Calig.
2622 3265 2657 3325 5
2710 3264 2828 3330 ubi

600 3386 879 3470 legimus
937 3393 1163 3471 partus
1222 3389 1575 3472 coniugum
1623 3408 1759 3453 esse
1805 3389 2130 3473 expositos
2179 3389 2242 3471 (a
2285 3389 2646 3472 nonnullis)
2696 3409 2828 3474 quo

601 3512 1034 3577 Germanicus
1116 3512 1455 3578 defunctus
1537 3518 1631 3577 est
1715 3515 1849 3592 die3
1926 3514 2316 3598 religionem
2391 3516 2569 3579 enim
2637 3514 2831 3579 fuisse

602 3638 835 3719 opinor
900 3656 1010 3702 eos
1075 3639 1323 3717 tollere,
1391 3641 1507 3723 qui
1574 3642 1770 3704 malis
1841 3642 2111 3705 ostentis
2173 3642 2636 3725 ominibusque
2687 3642 2830 3705 nati

602 3766 833 3827 essent.
895 3762 1101 3826 Filias
1158 3764 1413 3846 saepius
1457 3784 1658 3847 quam
1707 3766 1875 3829 filios
1921 3766 2161 3848 exponi
2211 3767 2366 3829 satis
2413 3766 2831 3835 esttestimo-

600 3888 888 3952 niorum.
946 3889 1045 3952 De
1089 3888 1269 3951 Indis
1318 3894 1546 3953 auctor
1590 3895 1688 3954 est
1731 3890 1976 3955 Weber
2019 3888 2373 3954 Stud.Ind.
2400 3890 2482 3969 V,
2508 3908 2653 3974 pag.
2681 3890 2829 3954 260.

690 4138 893 4201 Plura
955 4140 1057 4205 his
1126 4140 1361 4204 addere
1426 4142 1916 4205 constitueram.
1987 4140 2294 4223 Namque
2355 4145 2420 4204 et
2478 4140 2831 4203 disserendi

605 4280 792 4326 mens
864 4269 1004 4326 erat
1074 4264 1154 4328 de
1212 4265 1551 4329 nonnullis
1610 4265 2037 4344 carminibus,
2095 4284 2270 4347 quae
2327 4266 2400 4328 in
2467 4264 2620 4328 Ath.
2646 4264 2827 4328 Vedo

605 4391 882 4467 exstant,
952 4390 1036 4453 ad
1092 4395 1389 4455 nostrum
1452 4391 1930 4475 pertinentibus
1989 4396 2471 4455 sacramentum
2535 4394 2600 4453 et
2653 4408 2826 4454 novo
