3325 5200
1627 568 1711 632 14

481 807 484 810 ’
555 789 793 853 harum
831 786 1238 851 familiarum
1278 804 1472 848 usum
1505 789 1659 847 sunt
1690 787 2091 866 comparata.
2126 782 2553 868 Quamquam
2579 805 2793 850 unum

557 918 841 980 alterum
895 933 1031 977 non
1077 911 1385 976 excludit.
1431 911 1574 973 Iam
1623 911 2046 974 manifestum
2094 915 2191 974 est
2234 931 2352 977 suo
2398 912 2543 976 iure
2589 913 2793 995 Katy-

559 1042 926 1124 ayanorum
973 1039 1296 1102 familiam
1345 1038 1852 1101 commentarios
1896 1057 2046 1101 suos
2090 1038 2476 1104 domesticos
2522 1038 2796 1122 Katiya-

555 1167 765 1250 grhya
823 1181 1252 1246 nuncupasse,
1312 1182 1461 1226 cum
1512 1161 1804 1225 eiusdem
1848 1162 2141 1226 familiae
2187 1168 2417 1247 crauta
2458 1164 2796 1246 Katyaya·

558 1297 876 1376 nacrauta
913 1290 1215 1366 audiant;
1253 1286 1357 1372 ἅμα
1394 1288 1574 1352 enim
1612 1288 1684 1350 in
1723 1288 2335 1370 didascalonymicis
2372 1309 2579 1373 aeque
2618 1292 2796 1356 valet

559 1423 758 1500 atque
824 1416 1022 1500 dyana
1101 1414 1204 1496 (cf.
1283 1433 1340 1478 e.
1416 1433 1478 1496 g.
1559 1411 1886 1496 Taittirzya
1950 1433 2102 1477 cum
2172 1414 2636 1500 Baudkdyana).
2706 1416 2798 1480 At

557 1541 1012 1624 Katiyagrhya
1071 1539 1474 1603 Paraskarus
1527 1539 1854 1622 scripsisse
1899 1540 2282 1622 perhibetur
2290 1567 2309 1618 3
2356 1542 2533 1623 quod
2579 1547 2796 1608 totum

561 1673 656 1732 est
716 1687 756 1729 a
803 1685 930 1729 me.
997 1665 1186 1730 Solus
1243 1669 1339 1728 est
1397 1663 1799 1728 Paraskarus
1857 1666 2218 1748 grhyorum
2268 1668 2561 1750 scriptor,
2610 1670 2801 1732 cuius

559 1810 807 1856 nomen
862 1788 1215 1873 'proprium
1282 1788 1471 1852 nobis
1536 1793 1633 1852 est
1700 1755 2033 1853 servatum
2109 1790 2267 1872 (uno
2336 1789 2620 1857 Gobhilo
2691 1811 2800 1856 ex-

563 1917 803 1999 cepto);
885 1919 1102 1978 cetera
1183 1913 1411 1977 omnia
1491 1913 1897 1976 familiarum
1962 1918 2115 1978 sunt
2180 1917 2458 1979 nomina
2530 1913 2603 2000 1).
2674 1917 2801 1980 Sed

562 2042 837 2126 paulum
896 2041 1092 2105 refert
1154 2059 1383 2104 eorum
1446 2041 1723 2104 nomina
1781 2059 1969 2104 nosse
2027 2041 2145 2124 qui
2204 2042 2364 2105 haec
2410 2042 2803 2125 compendia

565 2167 937 2251 scripserint
948 2191 967 2242 3
1030 2165 1198 2227 nihil
1258 2166 1437 2229 enim
1503 2165 1582 2228 de
1643 2185 1759 2227 suo
1821 2165 2147 2229 addebant
2156 2191 2175 2244 3
2239 2185 2318 2229 ea
2362 2168 2801 2249 exponebant,

566 2309 736 2374 quae
782 2291 914 2352 iam
963 2309 1080 2373 per
1115 2290 1451 2352 infinitum
1498 2295 1757 2373 tempus
1803 2263 2311 2374 usurpabanturss

655 2419 797 2480 Iam
837 2417 972 2480 alia
1010 2416 1242 2480 oborta
1280 2421 1375 2478 est
1407 2417 1723 2498 quaestio,
1772 2423 1997 2480 utrum
2038 2417 2110 2479 in
2140 2417 2362 2481 carani
2384 2437 2472 2480 an
2494 2419 2565 2480 in
2588 2418 2803 2500 gentis

567 2564 760 2609 usum
813 2545 881 2607 hi
927 2544 1384 2609 commentarii
1433 2543 1796 2626 comparati
1843 2542 2010 2609 sint?
2054 2545 2151 2609 De
2191 2543 2590 2629 kalpasfitris
2634 2545 2805 2610 illud

568 2674 822 2735 constat
833 2695 850 2747 ;
899 2689 934 2733 e
979 2669 1243 2733 Miilleri
1290 2670 1470 2733 enim
1515 2669 1687 2733 libro
1733 2670 1973 2752 passim
2013 2669 2230 2744 didici,
2272 2674 2336 2734 et
2375 2690 2410 2735 e
2449 2670 2641 2735 novis
2662 2671 2803 2733 kal-

567 2794 850 2878 pasutris
910 2814 1086 2858 nova
1145 2813 1382 2857 carana
1442 2799 1671 2859 exorta
1732 2813 1886 2871 esse,
1950 2798 2014 2858 et
2058 2814 2567 2877 nonnumquam
2612 2795 2806 2879 plura

573 2940 809 2985 carana
868 2921 1099 2984 iisdem
1163 2920 1358 2983 sutris
1404 2920 1502 2982 uti
1521 2944 1538 2996 3
1587 2919 1664 2983 de
1710 2920 1935 3001 grhyis
1979 2920 2155 2983 idem
2203 2921 2623 2984 statuendum
2670 2940 2806 2985 esse

571 3047 850 3124 videtur,
911 3065 946 3109 e
1004 3046 1146 3111 loco
1209 3045 1669 3110 commentarii
1730 3046 1813 3108 ad
1873 3044 2141 3109 Parask.
2190 3046 2379 3127 grhy.
2426 3065 2625 3128 quem
2670 3048 2804 3111 vid.

573 3171 750 3254 apud
785 3170 1023 3235 Miiller
1059 3170 1152 3235 1.1.
1193 3189 1338 3253 pag.
1381 3170 1482 3248 50,
1521 3174 1723 3252 patet.
1762 3167 2011 3250 Quodsi
2046 3189 2150 3235 res
2188 3169 2379 3235 aliter
2415 3190 2482 3234 se
2516 3171 2806 3249 haberet,

571 3317 702 3380 quo
781 3302 969 3379 pacto
1037 3295 1362 3359 nonnulla
1437 3296 1647 3377 grhya
1712 3299 1969 3358 tantam
2036 3297 2277 3360 sensim
2346 3298 2807 3361 auctoritatem

457 3462 462 3469 -
572 3428 768 3485 nacta
813 3426 1045 3499 essent,
1096 3424 1166 3484 ut
1211 3438 1438 3483 eorum
1481 3425 1827 3502 praecepta
1865 3440 1905 3483 a
1940 3419 2245 3503 plurimis
2284 3423 2807 3503 observarentur,

575 3551 649 3610 ut
696 3547 772 3610 de
820 3535 1247 3630 Xcvalayano
1295 3549 1566 3622 constat,
1611 3544 1907 3627 intellegi
1944 3565 2080 3610 non
2118 3551 2351 3629 posset.
2390 3547 2564 3610 Tum
2603 3567 2644 3610 a
2676 3548 2811 3612 suis

572 3670 932 3755 praeceptis
960 3656 1436 3752 Kcvalayanus
1481 3688 1984 3751 nonnumquam
2034 3671 2445 3736 abhorrentis
2490 3672 2811 3737 kuladlcar-

570 3818 771 3879 masfla
811 3795 1218 3858 mentionem
1256 3793 1428 3873 facit,
1469 3797 1542 3856 ut
1564 3792 1771 3875 Grhy.
1792 3794 1845 3871 Ι,
1874 3793 2053 3872 17,1:
2080 3792 2309 3879 „trtque
2330 3797 2538 3860 varshe
2559 3799 2809 3861 caulam

566 3922 1220 4007 yatlcdkuladlcarmam
1258 3919 1374 3984 vanj'
1397 3920 1647 3998 „Anno
1680 3921 1872 3984 tertio
1899 3921 2109 3985 tonsio
2138 3922 2319 4005 [nem
2345 3922 2486 3985 fieri
2510 3922 2812 4006 oportet],

646 4231 683 4293 ¹)
723 4228 804 4287 Cf„
833 4228 1024 4281 Weber
1057 4226 1204 4281 Stud.
1246 4226 1360 4281 Iud.
1398 4226 1461 4291 V,
1498 4207 1612 4297 pag.
1651 4228 1748 4281 337
1786 4243 1905 4280 ann.
1944 4228 2077 4293 (***)
2112 4230 2167 4281 et
2196 4226 2326 4281 duae
2354 4228 2722 4282 annotationes
2750 4229 2813 4283 ad

576 4348 692 4401 pag.
738 4334 835 4385 339
873 4331 963 4385 ubi
997 4330 1291 4401 Katyayani
1322 4330 1532 4385 nomine
1571 4332 1839 4390 auctorem
1874 4330 2138 4384 interdum
2173 4330 2444 4400 designare
2478 4331 2813 4386 scholiastam

579 4434 645 4489 ad
677 4434 1128 4505 Paraskaragrhya
1161 4433 1403 4488 traditur.
