3325 5200
1921 569 2000 629 86

842 789 1031 841 υαῃαπι
1079 775 1222 828 recte
1253 790 1311 826 se
1344 773 1536 828 habere
1569 773 1829 830 videntur.
1867 775 2250 843 Saepenumero
2281 774 2423 830 enim
2455 790 2576 830 cum
2609 789 2726 845 gen.
2748 776 3091 832 construitur

846 874 1061 930 verbum
1092 877 1195 942 vid,
1228 878 1386 944 nedem
1420 893 1485 932 ox
1514 877 1635 930 Lex.
1665 877 1808 932 Petr.
1855 877 1962 932 cito
1997 878 2133 948 Rgv.
2152 877 2303 942 VIII,
2321 879 2401 944 29,
2421 879 2477 933 6:
2507 879 2630 932 etha
2643 880 2774 934 veda
2793 879 3092 945 nidhincim,

846 983 909 1044 11,
934 981 1013 1044 35,
1032 982 1065 1033 ·2
1099 989 1403 1046 mantrasya
1436 982 1601 1033 vedat.

926 1094 1115 1170 μαίνει
1157 1087 1405 1150 ὂᾶτῖφηατι
1450 1088 1744 1150 kumdrah
1790 1073 2130 1172 qayielcyate
2163 1088 2293 1151 tdm
2335 1089 2526 1152 sakrd
2551 1089 2888 1172 ablcr’mrfya
2921 1051 3092 1185 ίαίνᾷ

848 1212 1195 1276 ma‘trdcdra‘
1240 1219 1676 1296 same-eqayate.
1742 1214 1793 1276 Ι.
1820 1233 1875 1277 6.
1922 1214 2219 1291 ,,10611111,
2267 1215 2382 1277 ubi
2426 1233 2589 1296 puer
2633 1188 2876 1277 iacebit
2919 1214 3088 1293 (dor-

738 1386 743 1392 .
850 1340 1056 1422 miet),
1119 1340 1321 1403 semel
1374 1340 1726 1418 admulcet,
1791 1340 1894 1402 his
1954 1341 2201 1404 verbis:
2265 1341 2929 1424 „„perspiciam·ego
2975 1361 3092 1405 cor

848 1469 1059 1562 tuum,
1124 1485 1162 1530 o
1225 1469 1419 1544 terra,
1483 1466 1555 1528 in
1601 1463 1780 1529 coelo
1827 1465 1898 1526 in
1945 1465 2106 1528 luna
2153 1464 2328 1547 quod
2375 1465 2669 1529 consistit
2715 1465 2820 1548 [cf.
2867 1485 3088 1548 supra,

850 1613 995 1676 pag.
1047 1591 1179 1676 67],
1234 1591 1434 1655 filiale
1489 1590 1746 1655 malum
1808 1610 1924 1674 ego
1984 1611 2068 1654 116
2133 1592 2396 1654 defleam
2411 1617 2429 1668 3
2493 1591 2669 1674 quod
2731 1611 2842 1655 cor
2891 1579 3089 1654 tuum

847 1721 918 1783 in
979 1719 1312 1804 Prajiipati
1358 1724 1453 1782 est
1499 1718 1721 1795 situm,
1771 1736 1808 1781 o
1856 1718 2068 1794 beata,
2114 1717 2181 1780 id
2227 1721 2414 1780 tuum
2463 1718 2535 1780 in
2580 1723 2804 1780 mente
2851 1717 3090 1781 habea-

850 1866 1017 1924 mus,
1079 1844 1278 1908 filiale
1326 1843 1577 1906 malum
1628 1862 1744 1926 ego
1791 1861 1876 1905 ne
1922 1840 2315 1921 defleam'''',
2367 1842 2656 1925 [deinde]
2706 1861 2904 1925 opera
2951 1862 3091 1904 ma-

850 1973 966 2035 tris
1011 1970 1106 2033 ibi
1155 1990 1305 2033 eum
1354 1968 1612 2051 reponit
1656 1973 1732 2030 ut
1777 1951 2134 2030 doriniat'’.
3053 1939 3062 1948 ⁹

942 2100 1001 2160 9.
1047 2094 1454 2158 samvr’sktam

939 2221 1029 2283 wa*
1058 2219 1304 2304 'mayati
1341 2242 1422 2280 na
1460 2218 1667 2281 rudatz'
1695 2223 1880 2300 ysatm
1912 2237 2132 2301 vayam
2170 2217 2472 2280 vaddmasi
2486 2224 2673 2300 psalm
2696 2189 3093 2299 ed'bhimrqci‘-

852 2347 1000 2410 masi
1051 2345 1143 2409 iti.

940 2471 1362 2535 Desideratur
1405 2471 1474 2532 in
1524 2469 1624 2530 his
1660 2469 2111 2552 praedicatum
2158 2468 2688 2552 abkimantrayate,
2728 2469 2835 2532 vel
2875 2470 3094 2534 simile

850 2598 1030 2684 quid,
1091 2603 1235 2681 post
1294 2594 1707 2659 samvz'slctam.
1771 2595 2002 2657 Latine
2064 2594 2224 2658 haec
2269 2598 2532 2659 sonant:
2579 2594 3095 2673 „Recubantem

855 2727 1119 2811 [affatur
1176 2724 1247 2785 in
1310 2721 1468 2804 his]:
1525 2720 1732 2798 „Non
1795 2720 1990 2797 dolet,
2055 2740 2188 2784 non
2252 2723 2377 2799 flet,
2425 2700 2543 2783 ubi
2589 2740 2708 2784 nos
2751 2706 3097 2804 loquimur

852 2852 1098 2932 ubique
1161 2847 1599 2911 mulcemus”.
1648 2884 1736 2892 —-
1807 2846 2010 2929 Apud·
2047 2846 2315 2910 Pdrask.
2341 2846 2391 2927 Ι,
2424 2847 2502 2908 18
2548 2866 2699 2929 pars
2743 2823 3095 2911 incanteti-

853 2976 1017 3054 oniS,
1078 2994 1211 3056 qua
1258 2973 1608 3036 daemones
1653 2973 1976 3035 infantem
2026 2973 2424 3036 omnimodis
2467 2978 2801 3050 vexantes,
2847 2974 3096 3038 lamiae

853 3108 917 3164 et
962 3102 1094 3163 alia
1142 3101 1261 3163 hoc
1305 3118 1511 3181 genus
1555 3103 1848 3161 monstra
1892 3098 2311 3179 repellantur,
2351 3097 2524 3161 idern
2568 3098 2916 3162 exhibetur
2952 3119 3095 3162 ver-

853 3248 960 3291 sus
1020 3246 1154 3290 uno
1217 3206 1447 3289 auctus
1496 3227 1665 3306 joada
1726 3228 1871 3307 post
1939 3223 2146 3285 medati
2206 3224 2383 3287 enim
2447 3224 2520 3286 in
2583 3225 2722 3288 cdd.
2783 3225 3093 3307 legimus:
3193 3225 3196 3233 '

854 3376 935 3415 na
986 3330 1260 3437 brshyati
1308 3374 1389 3413 na
1428 3349 1662 3433 ⁸qlafqati
1717 3398 1754 3427 „
1771 3370 1901 3412 non
1953 3350 2296 3429 horrescit,
2328 3346 2398 3433 1),
2461 3370 2593 3414 11611
2653 3349 3094 3433 languescit”.

854 3480 1096 3543 Totum
1135 3479 1311 3541 hunc
1346 3477 1494 3540 Par.
1532 3476 1752 3540 locum
1789 3477 1988 3539 vertit
2025 3476 2318 3554 Stenzler
2361 3477 2672 3541 Zeitschr.
2717 3478 2844 3540 d.d.
2885 3498 3096 3563 morg.

855 3601 1206 3667 Gesellsch.
1246 3603 1391 3681 VII,
1435 3621 1579 3685 pag.
1625 3602 1772 3679 532,
1814 3602 1986 3663 unde
2021 3602 2310 3683 comperi
2349 3602 2774 3665 communem
2816 3622 2952 3666 esse
2993 3623 3096 3667 co-

855 3730 1107 3793 dicibus
1162 3729 1325 3791 meis
1382 3747 1531 3790 curn
1577 3725 1794 3790 codice
1841 3726 2248 3790 Berolinensi
2303 3746 2611 3804 errorem,
2659 3747 2790 3809 quo
2838 3728 3098 3811 tollitur

856 3859 1163 3931 metrum,
1222 3854 1466 3916 habent
1514 3853 1693 3915 enim
1742 3874 1821 3914 wa
1863 3851 2185 3935 udmayati,
2232 3852 2406 3934 quod
2453 3852 2693 3915 Stenzl.
2743 3854 3096 3936 speciosius

855 4000 1056 4065 quam
1097 3981 1336 4044 rectius
1370 3999 1665 4062 german.
1708 3979 1946 4042 reddit:
1993 3998 2120 4057 „er
2157 3956 2456 4042 kriimint
2496 3980 2632 4043 sich
2673 3979 2928 4045 nicht''.
2969 3981 3095 4045 Ve-

855 4125 1005 4167 rum
1052 4106 1389 4168 enimvero
1437 4102 1623 4166 nulla
1667 4123 1930 4188 prorsus
1978 4122 2059 4166 ex
2105 4103 2188 4165 iis
2233 4103 2369 4167 11.1.
2394 4101 2543 4195 elici
2588 4109 2798 4187 potest
2838 4109 3096 4169 senten·

837 4396 843 4402 .
925 4352 965 4411 ¹)
1004 4350 1261 4418 Hrshyatz‘
1290 4350 1450 4402 etiam
1486 4316 1780 4403 exsuitandi
1814 4348 2251 4419 significationem
2276 4347 2453 4414 habet,
2473 4348 2595 4416 quia
2623 4349 2718 4416 pili
2741 4349 2936 4403 horridi
2958 4351 3097 4419 apud

808 4433 818 4439 ’
856 4438 1015 4493 Indos
1049 4454 1153 4493 non
1187 4438 1354 4492 solum
1388 4438 1631 4504 honoria,
1669 4439 1760 4493 sed
1794 4439 1952 4493 etiam
1987 4438 2165 4509 gaudii
2198 4438 2372 4507 magni
2409 4438 2615 4508 signum
2649 4442 2915 4507 putantur.
