3325 5200
1374 593 1452 658 51

284 805 777 870 kemitamalam
839 805 1154 869 kumdram
1214 805 1408 869 ma‘tur
1461 811 1711 888 uteunqe
1748 776 2189 888 prdftmukkam
2242 808 2519 873 ava-stm-

182 931 194 940 “
268 954 400 1017 pya
464 931 860 996 brdlcmanaih
925 931 1074 994 saka
1126 931 1715 1016 punydltavacanam
1774 931 1966 1012 krtvd,
2028 933 2073 997 i.
2115 951 2171 998 e.
2237 982 2278 1012 „
2296 933 2516 1019 (lotus)

287 1077 358 1122 os
433 1057 664 1136 eluito;
745 1057 898 1122 albo
975 1056 1250 1136 santalo,
1331 1056 1592 1120 corollis
1653 1061 1720 1120 et
1778 1057 2109 1122 similibus
2167 1064 2521 1125 exornatus

282 1188 438 1247 ante
493 1183 863 1248 funiculum
925 1183 1284 1247 abscissum
1341 1201 1623 1265 puerum
1685 1201 1727 1244 a
1783 1181 1970 1247 nullo
2030 1183 2159 1246 nisi
2220 1203 2262 1246 a
2307 1189 2521 1249 matre

285 1313 758 1378 contrectatum
828 1309 1012 1389 iisve,
1079 1309 1319 1392 quibus
1384 1308 1487 1372 ius
1553 1313 1650 1372 est
1712 1304 1787 1393 ²),
1849 1310 2161 1373 mammis
2218 1311 2517 1375 nondum

284 1436 645 1517 admotum,
713 1435 1012 1500 sordibus
1075 1435 1412 1498 lavatione
1475 1435 1766 1514 remotis,
1837 1435 1910 1497 in
1975 1436 2228 1519 gremio
2287 1437 2520 1501 matris

285 1561 598 1626 collocato
609 1586 629 1640 3
688 1543 840 1625 cum
904 1559 1291 1625 brahmanis
1348 1560 1543 1624 facito
1595 1560 2059 1641 ceremoniam,
2118 1562 2225 1625 cui
2270 1582 2517 1626 nomen

285 1690 382 1750 est
438 1687 1094 1770 punyahavacanam,
1133 1705 1198 1750 V.
1222 1703 1286 1750 a.
1337 1685 1524 1750 bona
1583 1686 1789 1750 verba
1831 1691 1908 1750 ut
1950 1686 2171 1750 dicant
2220 1706 2330 1753 eos
2385 1688 2520 1752 adi-

282 1810 418 1894 gito
429 1810 471 1840 ’³
517 1808 592 1896 ⁵²).
651 1810 832 1874 Haec
884 1811 1128 1894 partim
1178 1811 1488 1875 omnibus
1529 1814 1685 1874 sunt
1728 1812 2131 1891 communia,
2175 1812 2516 1894 nimirum,

278 1935 458 2018 quod
506 1935 885 2019 jatakarma
927 1936 1002 1998 fit
1024 1911 1198 2015 ⁴ante
1241 1935 1615 2000 funiculum
1662 1934 2042 2015 abscissum,
2087 1937 2263 2018 quod
2307 1957 2515 2001 mam-

283 2061 412 2125 mis
462 2061 760 2126 nondum
807 2060 1109 2126 admotus
1162 2064 1269 2156 est
1309 2080 1521 2126 novus
1565 2066 1780 2141 natue,
1817 2061 2061 2144 partim
2102 2063 2186 2127 ab
2231 2062 2512 2130 aliarum

282 2187 416 2251 ritu
451 2187 824 2252 scholarum
864 2187 1218 2251 abhorrent
1231 2211 1251 2265 3
1289 2186 1374 2250 ad
1412 2205 1508 2265 ea,
1542 2205 1716 2269 quae
1744 2175 2323 2271 Xcvalayanorum
2348 2190 2516 2254 fiunt

282 2315 418 2378 ritu
459 2315 759 2398 proxime
803 2305 1138 2391 accedunt,
1184 2311 1294 2376 vel
1326 2303 1554 2396 ‘potius
1592 2297 1667 2377 ut
1712 2312 1950 2392 dicam,
1995 2313 2171 2398 quod
2214 2314 2515 2395 sentiam,

283 2440 512 2505 eadem
580 2445 753 2506 sunt.
819 2439 897 2503 Id
965 2459 1122 2502 mox
1179 2435 1305 2525 {suo
1380 2437 1524 2502 loco
1592 2435 2037 2502 demonstrare
2104 2439 2515 2506 conabimur.

283 2566 888 2652 Punydkavaeanam,
927 2583 1128 2648 quam
1166 2564 1608 2646 ceremoniam
1646 2563 1923 2648 prayogi
1954 2568 2516 2629 sacramentorum

285 2711 790 2779 nonnumquam
848 2695 1106 2775 partem
1161 2690 1493 2769 exhibent,
1556 2690 1735 2753 haud
1792 2690 1926 2755 scio
1987 2710 2076 2754 an
2142 2691 2520 2755 recent-ioris

285 2817 369 2880 sit
429 2817 728 2901 originis3
789 2815 966 2880 idem
1023 2815 1110 2879 sit
1167 2815 1418 2879 dictum
1478 2814 1558 2878 de
1615 2812 2183 2895 deqakazasmarana
2246 2815 2395 2899 (loci
2456 2822 2521 2881 et

284 2942 596 3026 temporis
637 2922 1054 3025 cogitatione)
1102 2944 1168 3004 et
1210 2940 1290 3005 dc
1333 2938 1657 3022 samlcalpa
1710 2940 1958 3023 (animo
1996 2940 2402 3005 sacrificandi
2440 2941 2520 3005 de

283 3086 417 3151 quo
474 3068 669 3152 plura
725 3067 877 3132 vide
903 3036 909 3042 ’
934 3068 1107 3131 infra
1157 3068 1231 3130 in
1301 3064 1462 3150 Cap.
1506 3065 1648 3151 IV),
1709 3085 1883 3148 quae
1944 3068 2018 3129 in
2074 3067 2271 3149 Pray.
2317 3066 2517 3132 Ratn.
2558 3054 2563 3059 ⁸

284 3198 667 3276 sequuntur.
1173 3278 1178 3282 ⁵

372 3315 568 3399 Quod
625 3323 848 3382 autem
908 3323 1054 3401 post
1098 3336 1178 3382 ea
1226 3316 1645 3403 consequitur
1689 3315 2363 3401 abhyudayikaqrdddka
2405 3336 2519 3381 an-

285 3444 546 3526 tiquum
600 3444 880 3509 videtur.
927 3444 1060 3507 Est.
1089 3460 1295 3527 genus
1337 3442 1783 3525 parentalium
1822 3442 1960 3507 sive
2004 3441 2331 3507 feralium.
2378 3442 2521 3507 Hac

283 3568 356 3631 in
399 3588 471 3632 re
513 3574 766 3653 ceterae
807 3572 1034 3652 gentes
1076 3568 1256 3632 ariae
1299 3566 1519 3651 stirpis
1556 3571 1621 3631 et
1656 3566 1947 3631 Romani
1982 3566 2330 3651 praecipue
2366 3587 2519 3630 cum

284 3692 491 3757 Indis'
523 3694 917 3777 conspirant,
975 3694 1153 3776 quod
1198 3692 1596 3775 sempiterna
1640 3662 1960 3783 religione
2004 3694 2230 3756 Manes
2272 3693 2519 3757 colunt.

285 3816 536 3901 Graeci,
597 3818 906 3900 Romani,
967 3818 1116 3883 Indi
1176 3819 1281 3883 die
1341 3818 1551 3883 natali
1596 3818 1925 3883 demortui
1981 3818 2289 3883 Manibus
2342 3818 2520 3883 dona
2598 3810 2603 3814 ’

349 4110 394 4176 ¹)
433 4108 520 4163 Sic
553 4109 691 4165 verti
725 4110 916 4165 collata
943 4127 1063 4165 ann.
1096 4110 1223 4165 Nar.
1256 4110 1324 4165 ad
1355 4100 1482 4181 Kcv.
1517 4110 1562 4176 Ι,
1599 4112 1677 4176 15,
1717 4112 1741 4164 1
1778 4126 1935 4181 quam
1966 4109 2085 4165 vide
2119 4109 2258 4164 infra
2288 4124 2403 4178 pag.
2436 4109 2516 4163 54.

351 4202 390 4264 2)
428 4200 684 4267 Panyaha
731 4201 824 4255 lat.
869 4205 1020 4255 sonat
1071 4201 1225 4265 „dies
1269 4202 1522 4256 faustus.”
1569 4202 1751 4256 Solent
1796 4203 1975 4255 autem
2017 4200 2152 4266 Indi,
2201 4202 2456 4271 quantum
2490 4214 2519 4253 e

281 4291 522 4361 prayogis
556 4291 798 4360 comperi,
833 4291 1016 4346 diebus
1049 4291 1220 4357 festis,
1252 4292 1412 4346 etiam
1435 4292 1654 4361 privatis
1680 4308 1735 4345 se
1756 4290 2066 4360 compellare
2100 4290 2274 4345 verbis
2288 4310 2300 4344 ε
2314 4290 2519 4360 panya-

282 4381 406 4435 ham
457 4386 576 4435 ast'u
633 4386 689 4436 et
739 4382 1014 4449 similibus,
1063 4382 1493 4453 quemadmodum
1541 4381 1841 4437 etiamnunc
1891 4382 2073 4437 Iudaei
2125 4382 2265 4437 festa
2312 4380 2521 4451 publica

175 4522 184 4531 .
281 4472 528 4543 religiosa
559 4476 740 4529 amant
773 4488 980 4529 vocaret
1014 4473 1168 4538 „dies
1200 4472 1450 4529 faustosn·
