3325 5200
1614 597 1735 668 109

556 815 825 880 Pindari
865 835 1123 880 versum
1164 817 1510 899 exceperiS,
1536 817 1606 878 in
1633 821 1770 880 tota
1791 815 2143 898 graecitate
2169 835 2302 879 non
2329 791 2589 880 videtur
2609 811 2764 899 poni
2777 840 2794 892 3

492 997 495 1000 ,
557 942 880 1006 constanti
926 943 1105 1006 enim
1151 963 1272 1006 usu
1311 932 1752 1020 „venenum”
1791 942 2134 1025 significat.
2175 940 2412 1006 Nostro
2454 961 2608 1006 vero
2653 942 2796 1005 loco

557 1067 635 1138 ἰὸς
696 1069 987 1144 μελισσᾶν
1045 1067 1207 1163 quid
1268 1067 1452 1130 aliud
1512 1087 1647 1132 esse
1709 1072 1938 1150 potest,
2001 1067 2129 1130 nisi
2189 1067 2470 1149 „liquor'
2505 1065 2798 1149 a'pum’'?

557 1193 774 1275 Atque
831 1193 1285 1276 grammatica,
1347 1211 1517 1276 quae
1575 1193 2030 1274 comparativa
2081 1192 2342 1281 dicitur,
2389 1193 2660 1256 fortasse
2705 1192 2796 1254 la-

558 1320 689 1382 tius
744 1319 1078 1400 quondam
1142 1319 1429 1400 patuisse
1490 1319 1631 1382 eius
1692 1319 1997 1383 vocabuli
2061 1319 2200 1382 vim
2248 1319 2574 1401 probabit.
2623 1317 2796 1382 Cum

556 1445 739 1506 enim
800 1444 1176 1508 sanseritice
1221 1462 1552 1508 venenum
1598 1451 1784 1508 sonet
1830 1444 2016 1522 visba,
2065 1445 2242 1508 haud
2289 1420 2488 1510 dubie
2535 1428 2798 1526 compo·

557 1566 848 1633 nendum
889 1589 1041 1633 cum
1082 1570 1196 1633 lat.
1236 1569 1537 1647 „virus'’,
1576 1569 1907 1647 ‚,viscus'’,
1951 1589 2160 1652 graec.
2203 1569 2336 1640 Fco'q
2379 1569 2480 1650 (cf.
2507 1567 2793 1648 Curtius,

514 1710 517 1714 ·
557 1695 817 1758 Griech.
863 1695 1155 1777 Etymol.
1204 1715 1349 1778 pag.
1401 1695 1551 1778 362)
1619 1695 1710 1758 ish
1771 1695 2327 1778 qualemcumque
2375 1695 2671 1778 designat
2717 1695 2794 1757 li-

556 1841 851 1903 quorem,
912 1822 1259 1904 praecipue
1320 1821 1631 1898 alentem,
1695 1821 1868 1886 vires
1912 1821 2281 1886 addentem.
2331 1819 2523 1902 Quod
2567 1826 2792 1884 autem

556 1967 746 2041 saepe
808 1948 878 2010 in
932 1948 1179 2031 linguis
1238 1947 1396 2010 ariis
1454 1947 1749 2012 accidere
1819 1947 2238 2010 observatum
2307 1953 2420 2026 est,
2492 1953 2566 2010 ut
2627 1949 2794 2012 duae

557 2073 849 2136 eiusdem
912 2073 1097 2137 verbi
1160 2073 1293 2136 sint
1350 2073 1620 2150 formae,
1682 2091 1964 2154 quarum
2027 2072 2218 2136 alteri
2281 2074 2650 2155 praeposita
2709 2074 2791 2136 sit

555 2197 746 2260 litera
788 2221 843 2277 v,
891 2198 1099 2261 altera
1146 2203 1383 2275 careat,
1430 2197 1906 2280 significatione
1952 2202 2066 2260 aut
2106 2215 2370 2279 prorsus
2407 2198 2635 2261 eadem
2676 2202 2791 2260 aut

557 2327 813 2386 tantum
875 2344 1008 2388 non
1058 2327 1334 2416 mutata,
1381 2323 1449 2386 id
1494 2324 1617 2386 hoc
1661 2342 1922 2406 quoque
1971 2324 2172 2388 verbo
2219 2323 2461 2387 factum
2515 2342 2649 2386 esse
2696 2323 2791 2385 vi·

556 2448 765 2512 detur.
807 2448 1111 2531 Namque
1136 2453 1201 2512 et
1225 2447 1390 2512 visba
1414 2467 1920 2530 nonnumquam
1946 2441 2232 2530 positum
2263 2453 2358 2512 est
2381 2449 2448 2510 vi
2472 2446 2789 2530 „aquae”

556 2579 629 2636 ut
674 2573 840 2657 Rgv.
870 2574 955 2650 X,
986 2575 1130 2653 136,
1160 2575 1193 2637 1
1260 2579 1525 2639 auctore
1582 2573 1852 2638 Nirukt.
1881 2574 1983 2652 12,
2013 2574 2096 2635 28
2125 2573 2279 2655 (vid.
2303 2574 2459 2637 Lex,
2485 2573 2626 2642 Pet⁴²
2650 2593 2698 2637 s,
2725 2593 2788 2637 v·

555 2700 858 2783 locosque
920 2700 1083 2763 alios
1144 2700 1238 2765 ibi
1285 2700 1511 2783 laud),
1558 2700 1676 2763 ubi
1719 2700 2076 2793 quominus
2122 2699 2200 2762 de
2250 2718 2502 2763 veneno
2549 2699 2790 2781 cogites

554 2826 689 2887 iam
736 2826 1058 2889 sententia
1102 2826 1426 2909 prohibet,
1475 2831 1541 2889 et
1582 2826 1653 2889 in
1701 2802 2186 2902 Ath.Ved,'1v‚
2215 2826 2273 2902 6,
2319 2844 2452 2906 quo
2497 2825 2790 2889 carmine
2860 2908 2872 2919 ·

556 2971 881 3015 venenum
930 2953 1326 3030 incantatur,
1372 2952 1548 3034 quod
1591 2972 1710 3035 per
1753 2952 2058 3035 sagit-tam
2123 2970 2354 3035 corpus
2414 2957 2790 3033 penetrave-

555 3080 661 3157 rit,
708 3099 802 3141 VS.
848 3084 1029 3143 sexto
1078 3085 1419 3161 tamquam
1468 3098 1844 3160 synonyma
1889 3083 2042 3141 sunt
2089 3076 2219 3140 isba
2258 3082 2323 3145 et
2359 3078 2556 3172 vixha3
2598 3098 2790 3142 vene-

556 3225 717 3297 num
760 3210 1115 3287 utrumque
1152 3206 1591 3287 designantia:
1631 3226 1844 3267 arasa&
1875 3211 1940 3267 ta
1966 3204 2086 3267 isleo
2109 3205 2274 3287 qalyo
2297 3206 2436 3267 atho
2459 3212 2516 3267 te
2539 3224 2788 3267 arasam

554 3327 797 3393 visk-am.
842 3331 1113 3413 Proprie
1152 3330 1401 3393 visk-ish
1440 3328 1686 3401 Ειός-ἷός
1728 3330 1988 3393 videtur
2025 3331 2489 3413 significavisse
2528 3332 2788 3413 „liquo-

557 3476 696 3519 rem
762 3454 1124 3532 crassum’',
1188 3457 1269 3519 cf.
1330 3455 1442 3521 lat.
1503 3455 1734 3541 visens„
1771 3456 1942 3519 Tum
1988 3460 2160 3519 reete
2207 3455 2339 3519 mel
2386 3455 2789 3539 appellatum

557 3582 637 3645 sit
666 3580 760 3653 ’ἰὸς
806 3582 1114 3658 μελισ-σοῖν.

645 3707 875 3789 Itaque
943 3706 1158 3769 mellis
1226 3707 1401 3789 apud
1468 3707 1750 3771 Graecos
1817 3726 2077 3789 quoque
2147 3725 2369 3769 recens
2399 3688 2404 3694 ⁵
2437 3712 2591 3772 nato
2653 3708 2788 3770 dati

555 3833 878 3896 indicium
962 3833 1139 3896 nacti
1220 3802 1474 3911 sumusj
1543 3834 1748 3897 ritum
1830 3833 1955 3897 huc
2029 3832 2344 3895 ferentem
2427 3833 2789 3915 scriptores,

557 3963 879 4041 quantum
944 3960 1096 4033 sci0,
1156 3979 1287 4022 non
1348 3965 1743 4023 memorant.
1808 3958 2083 4022 Temere
2144 3964 2368 4021 tamen
2427 3977 2787 4041 ageremuS,

558 4086 605 4147 si
678 4084 937 4149 silentio
1007 4086 1389 4168 scriptorem
1459 4086 1622 4149 moti
1689 4085 2183 4169 perhiberemus
2249 4082 2511 4147 nullum
2573 4084 2786 4147 fuisse.

558 4208 1141 4273 Considerantibus
1201 4212 1403 4288 enim,
1466 4210 1796 4293 quantilla
1852 4229 2002 4291 pars
2057 4230 2282 4277 rerum
2340 4210 2784 4272 humanarum

556 4341 620 4398 et
667 4334 1043 4398 divinarum
1087 4334 1157 4398 in
1198 4336 1645 4399 monumentis
1685 4340 1821 4397 tam
1857 4334 2260 4398 vGraecorum
2309 4354 2508 4416 quam
2545 4326 2787 4397 R‘oma-

557 4481 796 4523 norum
865 4461 1143 4543 supersit
1203 4461 1393 4523 nobis
1452 4465 1567 4521 aut
1625 4460 1708 4522 sit
1768 4464 1942 4537 nota,
2008 4480 2162 4523 cum
2225 4458 2359 4523 alia
2417 4464 2558 4522 tum
2624 4460 2788 4522 ritus
