3325 5200
1909 559 1988 622 66

916 776 1179 840 Habent
1217 777 1340 840 hoc
1376 775 1857 840 incantationes
1893 775 2070 857 quod
2103 793 2303 856 quam
2345 774 2838 838 accuratissime
2861 793 3071 838 enun-

830 903 999 964 tiant
1050 902 1138 980 id,
1193 901 1369 983 quod
1422 901 1563 964 fieri
1601 901 1857 978 volunt,
1902 900 2315 983 singularum
2359 902 2672 982 partium,
2717 902 2964 983 quibus
3002 903 3076 964 id

772 1103 777 1106 ¹
826 1032 1080 1092 constat
1123 1045 1435 1110 magnam
1481 1025 1728 1090 habent
1772 1026 2122 1103 rationem,
2165 1030 2488 1103 caventeS,
2528 1045 2613 1089 ne
2647 1045 2854 1108 quam
2882 1045 3072 1108 prae-

826 1153 1216 1229 termittant,
1260 1150 1685 1233 maximeque
1729 1150 2038 1215 abhorret
2082 1151 2168 1214 ab
2199 1150 2456 1213 'animis
2498 1151 2936 1233 precantium,
2994 1156 3076 1214 ut

826 1278 968 1342 eius
1011 1278 1109 1341 rei
1152 1296 1353 1360 quam
1400 1281 1633 1359 petunt
1671 1295 1999 1339 summam
2043 1275 2455 1358 designantes
2492 1295 2660 1360 vage
2696 1281 3071 1366 precentur.

826 1402 1005 1465 Indis
1061 1406 1305 1480 autem,
1366 1402 1810 1480 minutissime
1864 1401 2168 1465 omnium
2233 1400 2618 1465 mortalium
2663 1402 3070 1484 distinguen-

720 1611 725 1614 -
828 1529 1005 1592 tibus
1063 1529 1238 1592 inter
1294 1528 1585 1610 singulas
1644 1547 1748 1592 res
1815 1527 2157 1606 humanae,
2219 1525 2498 1606 divinas,
2554 1528 2687 1592 fere
2731 1529 2921 1591 nulla
2967 1547 3075 1591 res

826 1674 963 1718 non
1000 1658 1249 1718 certam
1289 1653 1487 1744 habet
1526 1653 1964 1736 stabilemque
2001 1653 2416 1719 divisionem.
2459 1654 2741 1737 Spiritus
2771 1654 3072 1736 quinque

827 1798 963 1843 esse
1002 1783 1359 1856 momenta,
1397 1779 1714 1842 traditum
1755 1783 1870 1842 est.
1911 1776 2045 1860 Qui
2081 1778 2428 1842 exhalatur
2465 1780 2753 1862 spirituS,
2791 1782 3074 1842 vocatur

812 1903 1023 1986 prdna
1080 1923 1269 1968 sensu
1336 1905 1742 1988 angustiore,
1775 1901 1856 1988 l).;
1917 1903 2133 1986 apdna,
2197 1924 2395 1987 quem
2457 1905 2764 1988 spirando
2812 1904 3072 1988 corpori

827 2030 1173 2094 inferimus
1233 2027 1305 2114 ²),
1366 2029 1562 2114 vydna
1605 2031 1722 2112 qui
1767 2049 1935 2112 „per
1982 2050 2210 2094 omnes
2255 2030 2504 2094 diditur
2547 2029 2800 2108 artus”,
2849 2033 3072 2108 uda‘na,

827 2173 1027 2236 quem
1085 2173 1121 2217 e
1183 2173 1449 2237 corpore
1494 2154 1885 2218 anhelamus
1927 2155 2066 2218 sive
2112 2156 2537 2238 suspiramus.
2586 2154 2846 2217 Sama‘na
2891 2154 3071 2218 deni·

828 2299 958 2362 que
1028 2280 1399 2363 appellatur
1463 2279 1894 2344 intervallum
1961 2281 2136 2343 inter
2202 2281 2330 2344 duo
2402 2285 2742 2344 momenta
2803 2283 2908 2344 τοῦ
2965 2279 3072 2350 εἷς·

828 2411 991 2468 πνεῖν
1050 2402 1155 2468 καὶ
1211 2409 1313 2469 τοῦ
1359 2403 1611 2479 ἐκπνεῖνς
1659 2404 1728 2467 id
1773 2423 1924 2488 ergo
1945 2377 1951 2383 ⁶
1973 2405 2286 2488 temporis
2329 2406 2707 2488 spatiolum,
2755 2424 2887 2487 quo
2934 2425 3072 2469 non

722 2539 725 2541 ’
828 2535 923 2594 est
966 2530 1251 2614 spiritus,
1298 2506 1516 2613 Atque
1563 2530 1687 2593 hac
1732 2530 1804 2592 in
1848 2550 1920 2594 re
1964 2530 2174 2594 videri
2220 2534 2449 2614 potest,
2496 2535 2901 2614 quantopere
2943 2532 3073 2594 sibi

828 2662 1077 2721 constet
1134 2657 1447 2721 Indorum
1510 2657 1922 2740 mythologie.
1931 2683 1951 2735 ;
2009 2677 2165 2722 cum
2227 2641 2407 2721 enim
2451 2657 2697 2719 samdna
2741 2659 2826 2721 sit
2871 2658 3073 2722 inter·

827 2782 1104 2860 vallum,
1150 2802 1281 2866 quo
1339 2782 1502 2845 desit
1548 2769 1832 2865 spiritus,
1876 2771 2069 2865 porro
2115 2802 2391 2865 persona
2440 2783 2734 2863 mythica
2780 2786 2884 2847 τοῦ
2920 2805 3073 2846 sam-

828 2909 947 2969 dna
1004 2908 1367 2973 necessario
1428 2912 1746 2990 perpetua
1803 2908 1888 2971 sit
1949 2907 2216 2991 spiritus
2281 2909 2599 2986 absentia,
2634 2928 2698 2972 ν.
2740 2928 2801 2973 a.
2837 2910 3072 2973 mortis

827 3052 1123 3117 persona,
1170 3034 1242 3097 in
1282 3039 1508 3117 aperto
1556 3039 1652 3097 est
1695 3034 1880 3097 illam
1928 3034 2120 3097 deam
2161 3034 2431 3113 malam,
2471 3034 2750 3099 Nirrtim
2780 3060 2865 3093 =
2889 3035 3073 3113 „dis-

829 3160 1250 3237 solutionem,
1273 3159 1754 3223 interemtum”
1781 3180 1983 3223 unam
2008 3179 2144 3224 esse
2169 3181 2320 3224 cum
2344 3159 2606 3225 samdna.
2633 3161 2840 3244 Atqui
2863 3161 3073 3225 Nirrti

830 3285 986 3349 deae
1022 3286 1203 3369 regio
1241 3285 1522 3349 libonoti
1546 3290 1641 3349 est
1667 3305 1870 3364 sacra,
1905 3287 1990 3349 ab
2015 3305 2093 3349 ea
2117 3291 2181 3350 et
2206 3305 2452 3351 nomen
2475 3286 2744 3351 ductum
2769 3287 3070 3371 nairrtya.

830 3411 909 3473 In
948 3430 1026 3475 ea
1064 3411 1267 3495 igitur
1297 3412 1567 3494 regione
1604 3390 1816 3475 stanti⁴
1840 3412 2194 3489 ‘brahmani
2215 3413 2780 3495 pronuntiandum
2805 3413 3074 3477 solenne

830 3536 997 3599 illud
1032 3516 1297 3602 samdtia.
1338 3536 1525 3617 Quae
1567 3541 1790 3602 autem
1823 3538 1991 3603 ratio
2017 3538 2191 3600 inter
2215 3541 2430 3601 cetera
2453 3538 2806 3620 spirituum
2830 3557 3074 3623 genera

830 3681 1111 3746 suasque
1171 3665 1469 3746 regiones
1526 3663 1926 3727 intercedere
1985 3662 2306 3740 videatur,
2369 3668 2543 3728 certo
2598 3663 2890 3728 indicare
2937 3684 3075 3729 non

831 3808 1117 3871 possum,
1179 3790 1308 3851 nisi
1374 3788 1569 3852 Indos
1637 3792 1989 3853 moverunt
2055 3790 2566 3872 praepositiones
2603 3810 2741 3870 pra,
2791 3812 2926 3871 apa,
2972 3793 3073 3870 ud,

835 3920 910 3977 ut
975 3920 1181 3995 par-dna
1250 3915 1511 4022 orienti,
1579 3913 1778 3996 apdna
1846 3914 2185 3992 occidenti,
2254 3913 2456 3977 uddna
2523 3918 2771 3997 septem
2846 3914 3074 3978 trioni·

902 4163 943 4227 ¹)
982 4160 1192 4215 Latiore
1229 4159 1369 4214 enim
1404 4175 1559 4215 sensu
1585 4160 1762 4228 praua
1797 4158 2014 4227 spiritus
2048 4160 2131 4213 est
2167 4174 2355 4213 nomen
2387 4158 2643 4229 generale.

900 4253 943 4317 2>
980 4250 1108 4305 Inde
1154 4252 1367 4320 Apanus
1407 4251 1462 4305 in
1498 4249 1682 4304 Mhbh.
1727 4250 1803 4315 12,
1842 4249 2003 4304 12397
2037 4250 2330 4319 appellatur
2363 4250 2525 4304 Prani
2559 4250 2714 4304 filius,
2749 4278 2816 4288 -
2849 4248 2915 4301 In
2949 4247 3072 4301 Lex.

833 4343 953 4395 Pet.
986 4342 1121 4397 falso
1156 4344 1410 4409 scriptum
1451 4346 1548 4407 est,
1584 4345 1765 4413 αρᾶηα
1805 4347 1876 4411 τῷ
1915 4349 2146 4409 ἐκπνεῖν,
2173 4346 2350 4414 pruina
2389 4349 2458 4413 ιῷ
2487 4351 2723 4403 aava*
2748 4341 3076 4412 respondere.

834 4434 907 4487 At
938 4433 1057 4487 vide
1098 4434 1447 4488 Goldstiicker
1478 4435 1534 4487 in
1566 4434 1756 4489 Lexico
1791 4452 1885 4489 suo
1920 4453 1961 4489 s.
1997 4452 2045 4489 v.
2081 4438 2262 4505 αρᾶπα
2297 4440 2354 4491 et
2389 4438 2504 4511 9³¹³·
2539 4437 2748 4491 Brahm.
2783 4437 2831 4499 6,
2866 4436 2914 4494 2,
2950 4434 2999 4489 2.
