3325 5200
1858 539 1944 614 234

776 761 936 848 vati,
1003 765 1108 832 vir
1164 765 1692 851 religiosissimus
1703 790 1721 844 ;
1794 765 1983 830 cuius
2058 763 2114 827 si
2188 761 2384 848 pedes
2461 765 2722 827 tantum
2790 758 3015 824 animo

779 894 1228 972 obversentur,
1269 911 1454 956 mens
1490 911 1658 975 pura
1695 891 1789 956 fit.
1829 925 1917 938 -
1956 889 2223 973 Kecavi,
2264 889 2455 953 cuius
2486 907 2731 952 nomen
2763 887 3019 951 clarum

779 1022 876 1083 est
935 1019 1007 1081 in
1071 1023 1246 1082 terra
1305 1017 1625 1100 Jyotisha,
1686 1016 1861 1080 filius
1913 1019 2078 1078 natu
2139 1015 2490 1093 maximus,
2547 1012 3021 1102 Qrautavicva-

775 1144 946 1226 patis
1023 1143 1300 1207 deorum
1362 1142 1733 1206 reverentia
1791 1141 2027 1235 Kacim
2093 1139 2420 1223 (Benares)
2484 1139 2828 1222 profectUS‚
2898 1138 3015 1201 etsi

782 1272 989 1333 totam
1069 1267 1315 1332 molem
1383 1272 1481 1331 tot
1549 1267 2077 1330 ceremoniarum
2147 1265 2654 1329 domesticarum
2729 1262 3023 1344 (smarta-

783 1393 1042 1477 karma)
1090 1412 1225 1457 non
1267 1391 1733 1468 illustraturus,
1776 1390 2047 1474 (tamen)
2100 1386 2833 1474 Suprayoqaqikha‘manim
2868 1387 2939 1471 [i.
2966 1406 3021 1451 e.

782 1516 978 1582 decus
1049 1519 1222 1582 inter
1295 1517 1517 1582 faciles
1575 1513 1925 1598 prayogos]
1996 1515 2207 1577 facere
2267 1514 2435 1576 mihi
2480 1513 2789 1596 proposui
2836 1531 3023 1576 orna-

784 1647 1087 1706 mentum
1123 1642 1527 1706 brahmanis.
1572 1675 1660 1688 --
1706 1640 2085 1704 Multifariis
2129 1639 2461 1702 veteribus
2496 1639 2681 1702 libris
2718 1637 2921 1716 lectis,
2962 1641 3028 1700 et

786 1765 988 1845 sutro,
1043 1765 1218 1850 quod
1261 1765 1750 1847 Baudhayanus
1794 1765 2107 1849 magister
2149 1763 2319 1840 fecit,
2367 1764 2686 1846 bonisque
2734 1764 3029 1828 moribus

786 1892 1160 1976 exploratis,
1217 1896 1378 1971 tam,
1433 1910 1597 1974 quos
1643 1894 1998 1956 observant
2052 1891 2214 1954 bene
2263 1890 2525 1968 morati,
2572 1908 2774 1972 quam
2826 1908 3028 1972 popu·

787 2018 1058 2096 laribus,
1103 2017 1196 2081 sic
1240 2017 1577 2099 composui
1621 2003 2058 2100 prayogum.’'

877 2141 1151 2206 Terram
1213 2144 1435 2205 autem
1493 2141 1889 2222 Jyotisham,
1950 2140 2125 2204 unde
2183 2139 2507 2204 familiam
2564 2158 2753 2203 suam
2809 2139 3029 2203 oriun-

790 2269 943 2332 dam
1009 2287 1146 2333 esse
1189 2268 1465 2351 scriptor
1509 2267 1817 2346 declarat,
1864 2286 2067 2350 quam
2110 2268 2303 2346 dicat,
2348 2286 2484 2331 non
2530 2266 2737 2348 liquet
2747 2291 2767 2344 3
2810 2265 3032 2348 plures

791 2393 972 2456 enim
1033 2393 1331 2476 regiones
1375 2392 1498 2457 hoc
1542 2371 1816 2456 nomine
1862 2391 2228 2474 appellatae
2275 2410 2410 2455 esse
2456 2391 2782 2468 videntur,
2817 2409 2853 2454 e
2888 2389 3031 2473 qui-

790 2518 914 2582 bus
973 2517 1316 2581 notissima
1371 2521 1547 2580 terra
1603 2498 2105 2600 P1·ag·jyotisha‚
2152 2517 2197 2581 i.
2239 2535 2294 2580 e.
2334 2517 2636 2598 Jyotisha
2697 2513 3035 2579 orientalis

793 2643 985 2707 hodie
1007 2642 1239 2705 Assam
1266 2646 1542 2707 vocatur
1549 2668 1568 2721 3
1593 2642 1729 2706 alia
1752 2647 1850 2706 est
1872 2642 2393 2740 Uttarajyoltisha
2422 2641 2577 2723 (vid.
2601 2642 2757 2705 Lex.
2774 2642 3033 2722 Petrop.

791 2786 910 2831 san
963 2771 1029 2830 et
1064 2765 1194 2830 loci
1232 2766 1328 2830 ibi
1368 2767 1669 2851 laudati).
1718 2742 2019 2831 Fortasse
2065 2772 2131 2832 et
2175 2767 2395 2849 plures
2442 2771 2631 2830 erant
2675 2766 3034 2847 Jyotishae.

874 2890 952 2954 In
1017 2892 1259 2955 finibus
1318 2891 1727 2975 singularum
1792 2891 2089 2975 opusculi
2148 2882 2441 2975 partium·
2494 2891 2654 2954 haec
2710 2891 2843 2954 fere
2885 2893 3037 2952 sunt

793 3016 1061 3099 scripta:
1093 3064 1134 3095 ‚,
1147 3016 1223 3081 iti
1257 3014 2230 3099 fflqui'vdsiKeqavabhattasdnu
2239 3016 3039 3101 ‚C‘rautaviqmpabibkattena

795 3141 926 3235 kjrte
947 3141 1422 3228 Baudkdyaniye
1444 3131 2114 3228 Prayoqaqikhdmanau
2141 3191 2306 3209 .....
2316 3142 2634 3227 prayoyah
2659 3139 3037 3223 samdptah.”

794 3267 840 3331 i.
888 3286 944 3333 e.
983 3268 1220 3346 „Haec
1269 3268 1375 3332 vel
1419 3269 1536 3331 illa
1580 3268 2087 3351 Baudhayaniyi
2124 3288 2275 3351 pars
2310 3267 3039 3352 Prayogacikhamanis,

796 3412 1001 3477 quam
1027 3394 1282 3477 scripsit
1303 3393 1936 3485 Qrautavicvapatis‚
1957 3394 2063 3493 {tir
2084 3375 2253 3458 doct.
2277 3394 2465 3457 finita
2486 3396 2583 3457 est
2594 3392 2655 3471 ”3
2679 3393 2751 3455 in
2776 3392 3067 3455 ultima--

797 3539 949 3583 rum
988 3521 1299 3603 partium,
1341 3540 1511 3604 quae
1549 3522 1816 3605 nuptias
1852 3524 2210 3602 exponunt,
2248 3519 2490 3583 finibus
2523 3537 2642 3601 pro
2698 3516 3041 3601 Crautaviq·

795 3645 1307 3742 vapatibkattena·
1337 3645 1654 3728 scriptum
1698 3650 1907 3709 exstat
1954 3640 2760 3727 ,Cr-autaviqvapatibhattais,
2799 3640 3045 3724 plurali

803 3770 1180 3835 honorifico,
1214 3771 1368 3835 Post-
1401 3770 1635 3835 folium
1674 3728 1893 3833 15xl¹1111
1927 3770 2243 3833 ultimum
2285 3768 2611 3833 nonnulla
2640 3766 3045 3831 intercidisse

801 3896 968 3958 mihi
991 3895 1318 3974 videntum
1343 3915 1477 3959 non
1500 3896 1680 3959 enim
1704 3895 2069 3960 absolvitur
2090 3893 2259 3957 liber
2282 3913 2506 3971 mscr.;
2532 3890 2645 3957 sed
2666 3912 2820 3956 cum
2841 3892 2914 3954 in
2938 3909 3045 3955 ex-

801 4025 1011 4083 tremo
1045 4019 1200 4083 folio
1238 4020 1510 4102 nuptiae
1547 4018 1878 4097 „feliciter
1915 4014 2408 4100 explicuerint''
2445 4016 2745 4081 absoluto
2790 4014 3046 4079 similli-

803 4165 950 4209 mus
983 4151 1088 4210 est⁴
1124 4146 1333 4210 factus
1375 4146 1600 4228 paucis
1644 4144 1864 4209 verbis
1900 4162 2071 4227 quae
2109 4147 2491 4225 sequuntur,
2532 4141 2753 4220 erasis,
2776 4140 2890 4205 sed
2910 4158 3047 4203 non

802 4270 916 4348 ita,
956 4274 1032 4332 ut
1066 4269 1280 4353 legere
1321 4288 1457 4333 non
1498 4288 1773 4353 possem.
1814 4270 1931 4331 Est
1960 4268 2252 4346 initium,
2289 4266 2363 4329 ni
2395 4266 2587 4329 fallor
2624 4266 2765 4329 eius
2797 4283 3043 4343 versuS,

801 4394 918 4476 qui
963 4394 1269 4458 libellum
1317 4394 1600 4458 absolvit
1615 4418 1635 4472 3
1685 4396 1844 4457 haec
1880 4393 2062 4457 enim
2100 4395 2359 4456 servata
2404 4394 2589 4454 sunt:
2630 4388 3045 4472 „Baudhdya-
