3325 5200
1923 591 2002 652 88

840 820 994 883 pore
1032 805 1269 864 cuncta
1306 821 1387 863 cx
1426 801 1651 863 ordine
1687 806 1840 864 sunt
1876 800 2324 876 instauranda,
2367 818 2538 880 quae
2579 798 2850 880 puerilis
2873 803 3078 876 aetaS,

842 943 1011 1008 quae
1070 929 1277 990 status
1338 927 1507 990 fetus
1565 927 1762 989 habet
1823 931 2252 1003 sacramenta,
2315 926 2452 988 sive
2511 925 2740 987 omnia
2794 929 3084 1006 praeter-

842 1051 1043 1112 missa
1102 1051 1253 1127 sint,
1318 1051 1454 1113 sive
1509 1050 1834 1114 nonnulla
1879 1071 1962 1114 ex
2007 1051 2108 1113 iis.
2157 1049 2630 1131 Adiunguntur
2673 1048 2953 1130 piacula,
3000 1047 3082 1110 li·

842 1175 1223 1239 bationibus
1257 1175 1648 1238 constantia.
1683 1174 1900 1256 Atque
1937 1173 2460 1256 ndndiqrdddkam,
2478 1173 3079 1256 punydhacaeanam,

844 1302 978 1364 alia
1034 1301 1420 1364 communia
1482 1306 2044 1365 sacramentorum
2105 1301 2373 1364 exordia
2439 1303 2787 1382 postquam
2856 1317 3080 1381 perpe-

844 1428 1045 1490 travit
1080 1431 1271 1510 pater
1310 1428 1464 1507 (vid.
1488 1426 1740 1489 Baudh.
1765 1445 1862 1508 pr.
1887 1445 2032 1509 pag.
2062 1425 2178 1487 333
2213 1426 2295 1488 ad
2321 1419 2464 1507 361»)
2491 1423 2633 1507 ipsa
2666 1427 3083 1487 sacramenta

844 1575 925 1618 ex
983 1519 1210 1617 ordine
1269 1557 1560 1634 repetere
1620 1552 2013 1634 aggreditur.
2074 1553 2351 1615 Initium
2407 1553 2482 1615 fit
2524 1570 2566 1614 a
2609 1548 3079 1634 garbhadhano

844 1681 1029 1744 cuius
1088 1699 1158 1741 rc
1216 1678 1443 1741 divina
1506 1678 1750 1741 omissa
1809 1679 2106 1741 carmina
2147 1682 2408 1741 tantum
2456 1677 2708 1740 recitat.
2759 1675 3084 1740 Similiter

846 1807 1075 1870 ceteris
1142 1805 1538 1886 defungitur,
1600 1803 1806 1866 donec
1866 1803 2205 1885 perveniat
2265 1802 2347 1866 ad
2400 1802 2800 1884 jatakarma.
2862 1801 3082 1864 Huius

844 1931 1235 1994 sacramenti
1284 1947 1643 2012 eorumque
1689 1947 1859 2011 quae
1906 1933 2416 2010 consequuntur,
2464 1928 2577 1991 ubi
2624 1947 2740 2009 per
2789 1931 3079 1990 aetatem

822 2057 1029 2139 'pueri
1106 2057 1238 2118 iam
1327 2055 1520 2136 longe
1595 2056 1681 2118 ab
1739 2055 2020 2117 infantia
2078 2054 2370 2136 provecti
2441 2054 2591 2117 licet
2659 2057 2724 2116 et
2794 2071 3081 2116 ceremo-

844 2183 989 2244 nias
1046 2185 1395 2263 perpetrat,
1460 2182 1574 2244 ubi
1633 2185 1814 2244 aetas
1868 2200 2003 2244 non
2049 2180 2206 2243 sinit
2250 2183 2376 2243 aut‘
2413 2181 2724 2243 omittens
2767 2184 2882 2242 aut
2929 2199 3079 2242 con-

845 2309 1153 2372 formans
1226 2307 1304 2368 In
1384 2305 1712 2388 plerisque
1778 2310 2000 2369 noster
2061 2307 2389 2389 conspirat
2455 2326 2602 2369 cum
2671 2293 3078 2389 Kpastambo

851 2432 1006 2512 (vid.
1064 2451 1235 2515 quae
1282 2431 1570 2496 diximus
1614 2451 1812 2513 supra
1855 2449 2000 2514 pag.
2049 2433 2158 2514 31)
2174 2457 2191 2510 ;
2255 2432 2411 2496 ordo
2455 2451 2716 2513 prorsus
2762 2431 3078 2496 diversus,

846 2559 1153 2642 Namque
1217 2557 1427 2621 anteit
1470 2558 1657 2639 pueri
1707 2557 1956 2621 lavatio
2012 2577 2165 2621 cum
2226 2577 2344 2620 suo
2403 2557 2696 2621 carmine
2754 2556 3084 2642 kaketriyai

848 2686 997 2747 tmio.
1040 2684 1246 2748 Cuius
1286 2684 1698 2747 ceremoniae
1740 2683 2207 2747 documentum
2253 2683 2602 2746 attulimus
2651 2682 2864 2761 modo,
2903 2684 3082 2765 quod

846 2810 1213 2886 scholiasta,
1256 2828 1405 2891 pag.
1456 2809 1535 2869 83
1584 2808 1888 2871 laudatus
1930 2827 1964 2870 e
2001 2807 2842 2889 Baudhayanagrhyasutro
2889 2808 3082 2872 nobis

844 2935 1152 2999 servavit.
1194 2935 1444 2996 Verum
1486 2937 1752 2996 auctum
1781 2938 1877 3001 est
1920 2952 2056 2995 uno
2100 2950 2293 2995 versu
2337 2930 2646 2995 additicio

936 3062 1273 3141 Brleaspate
1286 3080 1504 3141 flavam
1524 3059 1570 3121 Ι
1563 3061 1818 3137 ηιῖνασᾳα
1841 3080 2014 3121 vasvo
2035 3057 2479 3140 diwasyethke
2501 3062 2610 3119 ‘ecta
2627 3056 3017 3140 pdrtleivasya

934 3186 1214 3248 dbatlam
1230 3183 1431 3267 ταμίαι
1450 3190 1686 3247 stuvate
1700 3181 1906 3265 krircqqe
1921 3182 2248 3265 cidgnzyam
2263 3181 2414 3263 pdta
2427 3182 2756 3245 scastz’bkih
2771 3182 3080 3245 saddnah.

936 3312 980 3374 i.
1008 3332 1063 3374 e.
1102 3310 1299 3388 „Vos,
1332 3310 1601 3392 Brhasp.
1626 3315 1693 3373 et
1727 3309 1926 3371 Indi-a
1959 3328 2180 3404 rerum
2217 3309 2596 3373 coelestium
2635 3309 2890 3373 domini
2930 3310 3084 3371 estis

850 3441 913 3499 et
948 3435 1374 3511 terres-trium,
1411 3435 1559 3497 date
1594 3436 1769 3498 bona
1792 3455 1910 3499 vos
1931 3435 2289 3499 celebrant-i
2313 3436 2452 3498 vati
2477 3435 2577 3518 [ut
2599 3435 2882 3517 explicat
2905 3436 3084 3499 scho-

848 3562 1068 3623 liasta:
1144 3529 1720 3643 „sacrificatori”],
1769 3581 1886 3623 vos
1930 3561 2002 3625 iu
2047 3561 2242 3624 rebus
2283 3561 2604 3642 prosperis
2646 3580 2902 3642 semper
2946 3564 3082 3624 tue-

851 3685 1017 3748 mini
1080 3684 1275 3749 nos’'.
1338 3684 1742 3749 Additicium
1804 3686 1966 3761 dic-o,
2031 3686 2151 3747 etsi
2209 3685 2282 3747 in
2343 3685 2506 3748 TBr.
2553 3686 2866 3749 continuo
2915 3685 3084 3748 exci-

848 3812 946 3893 pit
988 3812 1280 3893 quin-que
1342 3830 1471 3888 eoS,
1534 3829 1818 3892 quorum
1880 3810 2132 3892 primus
2195 3815 2290 3872 est
2337 3809 2716 3892 kshetriyaw,
2762 3830 2802 3872 a
2843 3811 3085 3892 quibus

849 3935 995 3999 luce
1056 3936 1297 3999 clarius
1355 3936 1551 4017 plane
1598 3935 1907 3999 abhorret
1953 3935 2092 3997 eius
2136 3940 2622 4017 argumentum,
2668 3936 2935 3999 aliunde
2979 3936 3083 3998 de-

850 4063 1116 4143 sumpti.
1178 4060 1351 4125 Cum
1402 4062 1577 4123 enim
1627 4061 1762 4123 illis
1808 4066 2058 4123 constet
2103 4059 2258 4123 Ath.
2285 4059 2445 4123 Ved.
2471 4060 2558 4137 II,
2588 4060 2691 4137 10,
2738 4060 2914 4125 hunc
2959 4080 3084 4123 ser-

849 4192 965 4249 vat
1024 4186 1361 4269 Rgv.V11,
1392 4186 1495 4264 97,
1527 4186 1627 4249 ιο.
1680 4153 1949 4267 Seponit
1995 4204 2104 4248 eos
2151 4186 2352 4248 etiam
2399 4185 2748 4248 scholiasta
2792 4186 2876 4247 ad
2919 4185 3083 4248 Tssr.

849 4328 996 4391 pag.
1034 4311 1156 4370 626
1221 4311 1318 4372 ed.
1374 4308 1678 4387 Calcutt„
1731 4298 2140 4390 Xpastambo
2189 4308 2500 4385 edicente,
2549 4310 2729 4372 utin
2771 4309 3083 4374 saciificio

852 4434 957 4496 cui
996 4454 1239 4499 nomen
1280 4441 1381 4497 est
1412 4436 1888 4516 Brhaspatisava
1931 4435 2031 4516 (de
2070 4454 2200 4517 quo
2227 4435 2358 4498 vidd
2383 4436 2536 4499 Lex.
2562 4435 2701 4499 Pet.
2727 4437 2869 4518 air.)
2907 4436 3085 4500 solus
