3325 5200
1391 637 1472 700 39

322 843 550 928 layani
620 849 803 910 sutra
871 847 1221 911 enucleans
1287 851 1504 911 cetera
1563 845 1841 929 copiose,
1901 845 1982 910 de
2042 847 2321 910 mantris
2366 849 2556 911 tacet.

409 970 551 1032 Iam
596 971 778 1034 viam
826 972 1018 1036 nobis
1064 975 1426 1035 montrasse
1472 971 1797 1049 videmur,
1843 989 1977 1053 qua
2020 943 2318 1058 mantros
2370 971 2558 1035 intel·

321 1095 535 1176 legere
569 1099 766 1178 atque
800 1096 1216 1178 interpretari
1250 1096 1334 1158 sit
1366 1096 1763 1159 conandum.
1799 1095 2354 1178 Distinguendum
2386 1095 2560 1158 inter

321 1221 736 1300 sententiam,
796 1241 998 1304 quam
1057 1225 1251 1306 pocta
1313 1223 1530 1286 verbis
1590 1223 1725 1285 suis
1784 1222 2213 1286 declaraverit
2272 1226 2337 1286 et
2390 1241 2557 1300 eam,

323 1364 526 1428 quam
587 1346 827 1428 posteri
887 1347 1082 1410 modo
1137 1366 1295 1411 sono
1341 1347 1719 1424 adducente,
1769 1346 1961 1411 modo
2008 1346 2328 1420 cedentes.
2352 1347 2559 1412 ambi-

321 1443 580 1554 guitati,
643 1491 777 1554 qua
837 1472 969 1534 fere
1015 1471 1276 1535 nullum
1328 1491 1489 1554 opus
1533 1471 2010 1550 sanseriticum,
2058 1471 2304 1534 nedum
2350 1470 2560 1554 splen-

324 1594 511 1657 didus
547 1594 663 1659 ille
705 1596 1036 1660 Vedorum
1071 1615 1285 1660 sermo
1323 1601 1534 1674 vacat,
1575 1615 2082 1678 nonnumquam
2108 1596 2310 1659 etiam
2336 1597 2562 1660 omnia

323 1719 406 1784 ad
452 1721 770 1785 sacrificia
803 1721 1122 1785 referendi
1161 1722 1395 1800 studio,
1438 1723 1734 1786 versibus
1772 1722 2187 1787 subiecerint.
2223 1722 2356 1786 Ubi
2387 1729 2562 1788 recte

323 1846 559 1909 vidisse
601 1845 970 1924 videantur,
1018 1846 1521 1911 enuntiandum.
1568 1847 1696 1910 Per
1740 1845 2045 1927 symbola
2093 1851 2157 1910 et
2215 1847 2560 1930 imagines,

324 1970 436 2034 sed
493 1990 601 2034 eas
645 1971 1037 2048 verissimae,
1084 1971 1401 2054 quoniam
1447 1970 1606 2035 boni
1648 1973 1881 2053 poetae
1926 1969 2138 2034 dicere
2182 1955 2433 2049 amant,
2479 1989 2561 2035 ex

324 2097 462 2178 ipso
496 2116 796 2161 sermone
821 2096 1180 2160 eliciendae
1203 2096 1531 2180 simplices
1556 2116 1784 2160 earum
1805 2070 2335 2180 significationes,
2360 2101 2564 2179 utque

325 2221 456 2283 sint
493 2226 708 2285 natae.
747 2222 972 2300 Perre,
1011 2221 1127 2285 ubi
1164 2221 1325 2308 quid
1361 2221 1643 2285 enodare
1674 2240 2097 2304 nequeamus,
2135 2222 2391 2286 disertis
2420 2241 2561 2286 ver·

325 2345 425 2409 bis
461 2347 1020 2428 pronuntiandum
1059 2347 1288 2430 magis,
1323 2366 1525 2430 quam
1565 2351 1682 2411 aut
1716 2347 1922 2425 inani,
1946 2347 2253 2430 quamvis
2276 2347 2564 2430 speciosa

329 2473 622 2537 oratione
661 2472 1004 2551 luxuriari,
1039 2478 1155 2537 aut
1191 2473 1442 2556 ingenii
1478 2473 1771 2537 sollertia
1808 2473 1985 2537 male
2020 2473 2365 2537 abutentes
2396 2474 2563 2538 ario·

328 2598 473 2663 lari.
514 2598 694 2663 Haec
731 2600 913 2662 enim
954 2605 1049 2663 est
1089 2619 1289 2663 aurea
1327 2600 1555 2683 regula
1592 2600 1811 2663 omnis
1848 2598 2372 2682 investigat-ionis
2393 2598 2562 2664 veri:

327 2742 406 2787 ex
446 2723 641 2786 rebus
691 2723 847 2805 ipsis
892 2723 1255 2806 perspicere
1301 2723 1630 2806 quomodo
1658 2724 1853 2807 ⁴inter
1912 2742 1979 2787 se
2030 2742 2367 2788 connexae
2412 2722 2564 2800 sint,

329 2867 461 2911 non
503 2867 612 2911 eas
647 2854 1048 2928 connectere,
1090 2856 1446 2931 antequam
1485 2849 1911 2932 perspexeris.
