3325 5200
1279 559 1409 632 117(

224 769 513 851 dispares
558 773 713 832 sunt
754 767 917 848 χοαί,
964 770 1207 853 quibus
1250 761 1531 833 Dafium
1580 774 1808 834 evocat
1845 769 2077 834 Atossa
2112 771 2184 834 in
2222 770 2452 835 Aesch.

224 896 401 958 Pera.
430 895 555 957 608
580 915 720 978 sqq.

1235 1041 1392 1099 χοας

402 1145 635 1226 φέρουσ’
684 1143 830 1227 ἅπερ
877 1152 1112 1226 νεκροῖο-ι
1156 1144 1521 1225 μειλικτήρια
1594 1175 1600 1180 ·

404 1270 540 1348 βοὸς
586 1271 641 1334 τ’
686 1271 803 1352 ἀφ’
852 1271 1041 1349 οὶγνῆς
1101 1271 1361 1337 λευκὸν
1422 1269 1733 1335 εὔποτον
1792 1269 1996 1349 γαλα

404 1403 510 1470 τῆς
556 1397 611 1460 τ’
656 1395 1053 1478 ἀνθεμουργοῦ
1101 1393 1377 1475 στάγμα,
1439 1396 1812 1478 παμφαὲς
1868 1395 2039 1475 μέλι

227 1541 369 1605 sqq.
417 1521 668 1602 Quodsi
718 1521 837 1586 hac
880 1524 953 1585 in
998 1542 1069 1587 re
1099 1526 1458 1588 'Persarum
1498 1524 1707 1587 ritum
1745 1528 2007 1587 secutus
2045 1529 2142 1588 est
2174 1524 2456 1607 Aeschy-

226 1649 355 1726 luS,
394 1649 630 1712 iisdem
670 1654 896 1731 gentes
935 1650 1457 1733 consanguineas
1492 1649 1814 1730 symbolis
1847 1650 2093 1714 diceres
2129 1670 2264 1723 esse
2288 1671 2456 1716 usos.

227 1773 320 1836 At
380 1774 811 1837 verisimilius
870 1775 975 1838 sui
1037 1775 1267 1858 populi
1331 1771 1737 1840 ceremonias
1797 1777 1868 1839 in
1931 1777 2172 1840 Xerxis
2231 1777 2459 1840 aulam

231 1882 641 1962 transtulisse
700 1903 989 1982 poetam.
1051 1901 1254 1964 Aliud
1312 1904 1469 1980 χοῶν
1532 1902 1914 1985 exemplum
1960 1899 2092 1967 vid.
2141 1902 2212 1965 in
2262 1904 2458 1985 Soph.

227 2025 470 2089 Electr.
499 2025 624 2087 893
650 2044 809 2107 sqq„
873 2026 992 2090 ubi
1051 2027 1230 2091 deest
1272 2027 1545 2109 quidem
1592 2029 1744 2106 mel,
1789 2028 1893 2093 lac
1938 2047 2092 2093 vero
2141 2049 2461 2094 memora-

231 2154 360 2213 tur.
407 2149 569 2212 Vini
615 2149 689 2212 in
735 2156 917 2228 χοαῖς
964 2171 1123 2214 usus
1168 2151 1376 2215 simili
1423 2153 1617 2216 modo
1656 2153 1825 2215 mihi
1864 2154 2290 2236 explicandus
2327 2173 2462 2219 esse

229 2274 513 2354 videtur,
574 2278 778 2358 atque
833 2276 1050 2339 mellis
1094 2281 1161 2340 et
1204 2277 1411 2341 lactis.
1458 2277 1731 2341 Etenim
1777 2283 1843 2341 et
1889 2278 2036 2341 aliis
2080 2298 2312 2361 graece
2366 2280 2463 2342 vi·

232 2422 397 2464 num
456 2400 832 2484 appellatur
889 2403 1276 2467 nominibus
1331 2408 1398 2467 et
1456 2399 1637 2480 μέθυ.
1699 2404 1778 2466 In
1848 2400 2006 2480 μέθυ
2067 2408 2294 2470 autem
2355 2405 2461 2468 vel

230 2525 523 2611 singulas
579 2527 807 2590 literas
868 2528 1255 2611 respondere
1315 2548 1556 2594 sanscr.
1610 2527 1825 2592 mcidhu
1870 2530 2020 2614 quis
2063 2549 2199 2594 non
2244 2529 2464 2595 videt?

229 2652 497 2735 Ecquae
555 2654 887 2718 dubitatio
948 2659 1202 2720 exstare
1263 2660 1497 2738 potest,
1552 2656 1719 2739 quin
1766 2658 2028 2740 proprie
2070 2654 2235 2733 μέθυ
2278 2658 2462 2735 „dul-
2559 2714 2565 2720 .

230 2799 347 2842 cem
390 2778 676 2861 potum'’
722 2780 1200 2863 designaverit?
1225 2749 1295 2866 ⁵¹)
1343 2780 1518 2845 Cum
1562 2786 1793 2845 autem
1829 2801 1866 2845 e
1898 2782 2283 2846 nominibus
2321 2802 2463 2845 nas·

232 2908 477 2967 cuntur
535 2872 858 2986 symbola,
935 2909 1082 2968 tum
1144 2906 1217 2968 in
1279 2906 1561 2989 liquore,
1622 2907 1730 2970 cui
1788 2906 2160 2971 inebriandi
2199 2907 2302 2969 vis
2346 2911 2462 2985 est,

233 3027 449 3091 divini
494 3028 829 3111 quoddam
874 3030 1237 3111 putabatur
1281 3031 1510 3095 inesse.
1556 3030 1749 3094 Unde
1794 3036 1861 3109 et
1913 3032 2104 3100 iuxta
2158 3029 2346 3095 dulce
2398 3035 2465 3095 et

232 3155 382 3219 lene
436 3156 649 3238 ghrta,
706 3156 1031 3219 fervidum
1094 3137 1415 3231 temetum
1472 3180 1627 3221 soma
1663 3158 1845 3221 Indis
1885 3162 1982 3223 est
2019 3157 2187 3222 lucis
2221 3158 2462 3242 imago.

233 3281 337 3344 Ita
385 3285 452 3344 et
496 3280 763 3346 Graecis
808 3287 1069 3364 praeter
1113 3282 1303 3348 dulce
1350 3281 1489 3362 μέλι
1529 3286 1734 3348 etiam
1767 3281 1931 3364 μέθυ
1968 3284 2332 3349 obtinuisse
2369 3285 2465 3347 vi-

234 3404 430 3469 detur
472 3406 655 3469 vitae
698 3407 963 3489 signum
1011 3404 1085 3491 ²).

322 3504 403 3594 In
463 3532 921 3596 Romanorum
979 3532 1311 3612 feralibus,
1373 3538 1701 3616 quatenus
1760 3534 1994 3598 efficias
2018 3552 2054 3597 e
2079 3532 2271 3619 Verg.
2299 3532 2464 3596 Aen.

239 3656 318 3733 V,
350 3655 425 3720 77
457 3656 557 3737 (cf.
581 3656 696 3735 ΠΙ,
728 3656 805 3719 66
820 3683 839 3736 3
866 3658 945 3736 V,
973 3658 1081 3742 98)
1131 3658 1321 3737 lacte,
1370 3659 1549 3737 vino,
1596 3658 1919 3741 sanguine
1956 3657 2303 3751 placantur
2331 3658 2466 3721 Ma-

237 3800 373 3846 nes,
400 3782 520 3846 Sil.
546 3782 693 3845 Ital.
718 3782 899 3862 XVI,
928 3783 1053 3845 309
1100 3784 1469 3867 Vergilium
1518 3785 1824 3847 imitatus
1869 3802 2004 3847 esse
2050 3782 2332 3849 videtur.

305 4114 347 4178 ι)
384 4112 643 4167 Constans
678 4117 828 4165 οἶνοι·
863 4111 1000 4180 apud
1032 4112 1312 4166 Homenim
1336 4111 1608 4181 epitheton
1632 4116 1716 4166 est
1736 4117 1896 4183 ἡδί-ςς
1919 4112 2036 4167 vide
2054 4113 2136 4167 vel
2155 4122 2336 4171 versus
2351 4128 2466 4183 pag.

237 4207 501 4275 superiore
533 4223 565 4260 a
598 4208 748 4262 nobis
778 4208 1037 4263 laudatos.

302 4301 345 4366 ²)
382 4300 580 4368 Operae
623 4301 852 4369 pretium
897 4303 980 4354 est
1024 4299 1257 4353 conferre
1300 4298 1658 4365 Bacchanalia,
1703 4298 1760 4352 in
1800 4298 1991 4370 quibus
2025 4314 2214 4368 magna
2247 4297 2471 4353 habetur

237 4391 373 4447 ratio
406 4392 576 4459 lactis4
593 4393 795 4459 mellis,
832 4392 956 4458 vini,
991 4408 1173 4469 aquae.
1206 4391 1333 4459 (vid.
1368 4391 1545 4461 Eurip.
1580 4390 1770 4445 Bacch.
1807 4393 1901 4445 142
1935 4408 2076 4463 sqq.;
2111 4392 2209 4445 703
2243 4395 2380 4462 sqq.)
