3325 5200
1364 603 1444 668 35

291 826 509 902 naqate
565 787 800 883 scaeva*
843 817 1194 900 qarbhddhd
1211 866 1443 884 ......
1571 817 1722 883 Non
1784 818 1987 902 igitur
2044 819 2257 883 multa
2308 819 2523 884 deesse

291 946 621 1024 videntur,
667 964 882 1028 neque
931 963 1327 1027 magnopere
1371 944 1745 1022 dolendum,
1793 945 1969 1026 quod
2013 945 2266 1009 desunt.

382 1073 648 1136 Praeter
713 1072 831 1135 hos
880 1071 1084 1135 libros
1141 1071 1622 1152 manuscriptos
1704 1059 2117 1154 Kcvalayani
2163 1070 2525 1153 grhyorum

293 1205 594 1288 utraque,
653 1205 729 1263 ut
787 1219 908 1282 par
967 1205 1082 1278 est,
1130 1218 1284 1262 usus
1326 1218 1472 1262 sum
1519 1197 1805 1262 editione
1814 1223 1833 1276 3
1878 1197 2165 1280 priorem
2214 1197 2527 1275 Stenzler,

293 1331 372 1388 ut
405 1326 544 1388 iam
581 1343 780 1409 supra
809 1325 1116 1403 diximu3‚
1142 1325 1420 1410 alteram
1441 1324 1515 1387 in
1538 1323 1949 1388 Bibliotheca
1973 1323 2200 1387 Indica
2224 1323 2352 1387 duo
2376 1341 2529 1406 pan·

291 1450 467 1512 ditae
504 1467 888 1512 recensuere
898 1474 917 1526 3
963 1449 1116 1512 huic
1160 1449 1447 1512 adiectus
1492 1451 1588 1511 est
1619 1448 2138 1512 commentarius
2170 1445 2528 1529 Narayani.

384 1573 617 1654 Itaque
658 1578 943 1655 quatuor
988 1573 1359 1642 scholarum
1405 1572 1788 1636 vedicarum
1832 1572 2038 1636 ritum
2077 1572 2529 1650 domesticum,

296 1699 620 1778 quantum
691 1697 774 1760 ad
839 1697 1247 1780 propositum
1315 1715 1540 1760 meum
1602 1697 1868 1775 ferebat,
1916 1695 2363 1782 perscrutandi
2407 1695 2533 1759 fuit

298 1823 505 1904 copia,
587 1810 1013 1905 Xcvalz'iyani,
1072 1821 1527 1904 Baudhayani‚
1588 1809 2000 1905 Xpastarnbi‚
2039 1821 2410 1899 Paraskari,
2450 1839 2532 1884 ex

297 1948 539 2030 quibus
582 1967 779 2030 quem
825 1947 1116 2030 primum
1162 1947 1658 2012 nominavimus
1703 1948 1877 2012 inter
1921 1947 2191 2031 Bgvedi,
2222 1947 2365 2038 *duo
2413 1946 2532 2030 qui

295 2078 659 2154 sequuntur
703 2073 876 2136 inter
919 2072 1107 2155 Nigri
1157 2072 1437 2156 Yajusis‚
1495 2072 1773 2137 ultimus
1834 2074 2008 2138 inter
2068 2072 2226 2136 Albi
2272 2072 2534 2155 YaJusis

299 2199 540 2279 scripta
583 2197 892 2280 liturgica
939 2197 1306 2280 computari
1357 2197 1587 2262 solent.
1637 2197 1850 2281 Aegre
1885 2198 2067 2263 carui
2108 2197 2334 2280 grhyis
2365 2195 2535 2287 Gan-

301 2323 599 2405 khayani
660 2329 724 2387 et
769 2323 1056 2402 Gobhili,
1102 2342 1271 2405 quae
1315 2323 1401 2386 ad
1442 2322 1785 2406 Rgvedum
1824 2328 1891 2387 et
1927 2322 2367 2386 Samavedum
2408 2326 2537 2385 tra-

303 2451 553 2513 huntur
563 2475 582 2529 3
619 2451 910 2515 Berolini
947 2454 1366 2514 asservantur
1402 2450 1474 2512 in
1512 2449 1911 2514 bibliotheca
1948 2449 2231 2534 publica,
2255 2449 2533 2513 necdum

302 2574 478 2639 edita
537 2579 689 2639 sunt
698 2601 717 2655 3
777 2594 948 2659 quae
1010 2576 1081 2638 in
1146 2575 1247 2639 his
1303 2575 1508 2659 igitur
1551 2574 1911 2658 peculiaria
1953 2575 2085 2639 sint
2130 2593 2324 2657 super
2367 2592 2537 2639 cere-

304 2700 567 2779 moniiS,
620 2718 783 2782 quas
828 2704 1222 2764 tractaturus
1265 2720 1434 2779 sum,
1482 2700 1733 2783 ignoro,
1780 2700 1837 2765 si
1887 2719 2099 2783 pauca
2144 2700 2536 2783 eximantur,

260 2834 266 2839 ’
303 2844 474 2909 quae
513 2826 807 2889 Stenzler
835 2825 908 2889 in
947 2846 1102 2891 ann.
1140 2827 1224 2890 ad
1271 2816 1446 2911 Iov,
1485 2846 1959 2911 veragerman.
1981 2846 2129 2910 pag.
2158 2827 2239 2887 38
2279 2828 2342 2888 et
2368 2823 2448 2885 40
2476 2827 2541 2886 et

304 2950 482 3013 Haas
513 2950 586 3012 in
622 2950 892 3015 Weberi
927 2950 1111 3015 Stud.
1148 2950 1290 3015 Ind.
1338 2952 1418 3031 V,
1469 2971 1615 3035 pag.
1653 2952 1779 3013 362
1816 2952 2259 3034 divulgavere.
2296 2948 2543 3013 Contra

304 3074 898 3157 Prayogaratnum‚
946 3095 1121 3140 anno
1173 3076 1337 3139 1861
1389 3076 1638 3141 editum
1688 3077 1759 3140 in
1807 3077 1970 3141 urbe
2006 3077 2326 3157 Bombay,
2365 3074 2561 3162 haud·

307 3199 453 3263 sine
499 3200 944 3264 emolumento
991 3220 1139 3265 meo
1186 3201 1482 3267 adhibui.
1520 3202 1771 3265 Eadem
1809 3201 2067 3265 ratione
2104 3197 2303 3285 atque
2340 3188 2543 3283 Κραθ-

310 3321 939 3433 tambiyaprayogus
975 3324 1088 3389 sed
1127 3326 1340 3389 multo
1385 3326 1652 3391 uberius
1696 3345 1898 3408 quam
1939 3326 2043 3389 hic
2080 3329 2294 3391 totum
2338 3326 2542 3389 ritum

311 3448 741 3515 domesticum
778 3450 1062 3533 explicat
1082 3450 1375 3534 plurima
1396 3451 1763 3535 fragmenta
1785 3472 1865 3519 ex
1890 3452 2374 3535 antiquioribus
2402 3471 2545 3535 pro-

308 3575 542 3641 ferens.
606 3573 1000 3658 Scriptorem
1061 3575 1488 3657 Narayanum
1533 3578 1842 3643 introitus
1889 3577 2197 3641 metricus
2239 3576 2545 3655 declarat,

308 3720 445 3765 non
489 3701 756 3783 quidem
820 3720 992 3779 eum,
1057 3702 1173 3785 qui
1218 3690 1447 3785 Kcval.
1497 3704 1973 3769 commentario
2020 3703 2391 3781 exornavit3
2412 3692 2546 3786 'pa-

311 3831 490 3889 trum
529 3826 710 3889 enim
757 3825 1066 3889 differunt
1110 3828 1415 3906 nomina;
1463 3847 1544 3893 ex
1590 3828 1818 3895 eadem
1864 3846 2019 3912 vero
2066 3827 2320 3890 familia
2355 3828 2549 3891 fuisse

310 3950 591 4015 videtur.
652 3950 793 4015 Etsi
859 3950 1250 4033 compilatus
1309 3954 1406 4015 est
1464 3952 1652 4031 liber,
1714 3940 2295 4039 Xcvalanayorum
2353 3954 2548 4037 potis-

311 4078 554 4139 simum
621 4076 825 4141 ritum
900 4076 1215 4159 sequitur,
1277 4076 1454 4158 quod
1513 4077 1686 4141 infra
1744 4097 1861 4143 suo
1915 4077 2058 4142 loco
2113 4078 2548 4142 ostendemus,

400 4201 504 4265 Ex
563 4200 710 4264 aliis
771 4200 1154 4265 literaturae
1214 4202 1563 4283 generibus
1620 4203 1739 4267 vix
1800 4206 1939 4267 erat
1988 4203 2163 4285 quod
2208 4203 2280 4265 in
2324 4222 2547 4267 meum

315 4344 510 4388 usum
552 4330 900 4391 verterem.
946 4326 1260 4406 Strictim,
1302 4331 1375 4390 ut
1411 4327 1549 4391 iam
1589 4346 1789 4410 supra
1827 4329 2232 4407 monuimuS,
2271 4332 2552 4411 tangunt

315 4451 722 4517 ceremonias
782 4451 1170 4516 domesticas
1228 4448 1736 4536 dharmaeastra,
1796 4452 2229 4536 similiterque
2282 4452 2552 4537 purana,
