3325 5200
1871 525 2035 614 54'

783 733 908 846 pia
922 770 978 826 te
991 762 1229 827 daddmi
1242 761 1534 826 madhuno
1541 762 1833 844 thtaqya
1846 763 2067 826 vadam·
2075 760 2647 844 Savitrdprasdtam
2660 760 3027 844 mayhondsp)

793 888 1118 973 dyusbmcfn
1135 895 1316 970 θηρία
1338 887 1691 952 devata‘bhih
1715 895 1919 969 fatam
1931 883 2074 972 jr‘lva
2096 889 2311 968 §arado
2334 887 2469 958 lake,
2482 887 2714 950 asminn
2953 888 3032 952 iti

863 1013 936 1077 (a)
971 1010 1037 1065 In
1072 1009 1311 1064 omnibus
1343 1002 1530 1078 Ioval.
1558 1007 1822 1062 codicibus
1854 1008 2077 1078 legimus
2111 1000 2423 1078 mayhovic‘im
2433 1026 2454 1074 ;
2471 1024 2589 1062 cum
2613 1008 2881 1063 Stenzlero
2904 1009 3031 1077 (vid.

793 1113 906 1168 eius
955 1112 1034 1167 ed.
1075 1107 1192 1182 pag'.
1235 1113 1300 1166 38
1341 1127 1474 1166 vers.
1519 1116 1703 1192 germ.)
1762 1126 1825 1165 ex
1878 1111 2075 1186 Qankh.
2141 1111 2302 1180 Grhy.
2348 1111 2392 1175 Ι,
2445 1111 2510 1164 24
2558 1108 2821 1166 codicibus
2877 1112 3033 1180 posui

793 1217 1070 1288 maqhonc‘i.

880 1324 926 1388 i.
967 1342 1022 1388 e.
1061 1322 1234 1402 „ubi
1279 1325 1476 1385 natus
1518 1322 1644 1414 erit
1685 1340 1868 1405 puer,
1912 1326 2067 1385 ante
2111 1321 2400 1386 alienam
2422 1321 3030 1386 'contrectationem

793 1448 1110 1528 butyrum
1170 1447 1596 1530 liquefactum
1659 1442 1709 1530 1)
1788 1450 1853 1510 et
1911 1446 2044 1510 mel
2102 1445 2371 1530 [quibus
2440 1445 2813 1530 commixti]
2879 1447 3031 1510 auri

791 1572 1162 1656 pulvisculi,
1221 1573 1338 1655 qui
1384 1593 1545 1636 auro
1593 1571 1967 1637 abradendo
2014 1572 2436 1654 provenerint
2478 1590 2597 1654 per
2639 1589 2880 1634 aurum
2929 1572 3031 1636 ori

794 1699 935 1763 eius
968 1697 1212 1761 illinito
1248 1695 1298 1782 2)
1338 1697 1450 1782 [sc.
1489 1696 1726 1780 pater],
1767 1698 1868 1760 his
1904 1697 2151 1775 verbis:
2190 1697 2339 1775 „do
2366 1697 2488 1761 tibi
2524 1697 2750 1778 butyri
2788 1685 3030 1762 mellis-

792 1843 923 1907 que
976 1824 1380 1902 thesaurum,
1445 1828 1863 1906 procreatum
1924 1843 1964 1885 a
2006 1823 2308 1887 Savitare
2362 1793 2629 1887 domino
2642 1848 2661 1902 3
2707 1798 2948 1900 vitalis,
2987 1811 3031 1888 a

793 1948 1252 2013 divinitatibus
1288 1949 1662 2028 custodituS,
1706 1952 1970 2012 centum
2014 1950 2165 2012 vive
2205 1968 2412 2012 annos
2449 1949 2522 2011 in
2560 1949 2682 2013 hoc
2706 1948 3027 2014 mundo”.

881 2072 1060 2155 Quid
1117 2073 1242 2139 sibi
1299 2075 1510 2137 velint
1567 2075 1771 2139 verba
1802 2073 1979 2156 purd
2011 2073 2211 2158 ἠμῖν
2254 2074 2549 2138 dlamblca‘t
2590 2075 2782 2139 nobis
2826 2074 3029 2158 expli-

793 2203 898 2263 cat
957 2197 1135 2277 Nar„
1196 2177 1545 2262 annotans:
1602 2191 2093 2282 anyaqrakanam
2137 2198 2841 2262 anadkikrtdlambkandt
2867 2199 3031 2280 prdk

793 2309 1148 2408 kartavyam‘
1183 2320 1258 2408 3),
1319 2325 1365 2388 i.
1413 2343 1468 2388 e.
1515 2343 1701 2402 „vox
1744 2346 1904 2408 anya
1948 2324 2019 2387 in
2068 2343 2221 2387 eum
2268 2291 2601 2402 finem,iut-
2638 2325 2752 2387 fiat
2792 2323 3027 2408 [sacra-

793 2447 1124 2530 mentum]
1209 2452 1562 2539 antequam
1649 2449 2152 2512 contrectaverit
2216 2468 2463 2512 novum
2532 2415 2769 2512 natum
2836 2449 3035 2528 alius,-

791 2593 992 2657 quam
1041 2573 1158 2657 qui
1201 2593 1318 2637 suo
1363 2573 1507 2637 iure
1551 2573 1876 2654 faciunt’',
1924 2593 2056 2658 qua
2102 2574 2173 2637 in
2217 2592 2288 2638 re
2329 2593 2591 2637 summa
2629 2578 2725 2658 est
2762 2592 3029 2639 consen-

791 2702 886 2765 sio
951 2720 1102 2763 cum
1146 2700 1366 2794 verbis
1409 2701 1604 2782 Pray.
1651 2700 1873 2779 Ratn„
1919 2679 2111 2782 quae
2138 2700 2333 2763 modo
2381 2699 2747 2764 attulimus,
2796 2699 3029 2782 Neque

791 2824 921 2909 quo
980 2828 1170 2908 pacto
1229 2829 1492 2889 sanctus
1553 2825 1739 2890 cibus
1796 2844 1999 2908 puero
2045 2825 2459 2903 infundatur,
2496 2844 2578 2889 ex
2622 2826 2821 2889 unius
2863 2814 3027 2911 KcV.

789 2949 1009 3013 verbis
1073 2949 1355 3013 dilucide
1417 2953 1640 3032 patere
1700 2950 1979 3014 videtur.
2040 2950 2128 3013 Et
2173 2950 2343 3013 -huio
2396 2922 2551 3022 1600,
2606 2950 2824 3013 lucem
2885 2952 3035 3015 affe-

791 3079 894 3138 rat
971 3076 1148 3139 idem
1225 3074 1386 3140 Nar.
1468 3075 1562 3140 l.l.
1622 3072 2113 3157 mmirmadkunt‘
2167 3074 2503 3158 kiranyena
2547 3074 2931 3158 nikdsbayati
2974 3082 3032 3139 te
3102 3117 3108 3139 -.

791 3200 1385 3286 kiranyasamsrskte
1431 3186 1767 3285 kib-anyena
1797 3201 2097 3285 prdqayet.
2138 3199 2332 3282 Quod
2360 3200 2559 3293 simul
2588 3201 2797 3265 addit:
2829 3208 3029 3265 matur

789 3333 1037 3408 utsanye
1095 3324 1326 3389 dsi'nam
1363 3327 1455 3417 'in
1515 3327 1637 3390 hac
1696 3307 1957 3409 quoque
2017 3346 2089 3389 re
2145 3326 2474 3408 conspirat
2509 3342 2672 3388 cum
2717 3325 3027 3407 scriptore

789 3454 985 3535 Pray.
1040 3453 1260 3531 Ratn.,
1305 3462 1503 3535 quem
1552 3432 1749 3534 supra
1793 3452 2083 3514 vidimus
2129 3452 2260 3515 fere
2282 3428 2535 3513 *iisdem
2585 3451 2801 3514 verbis
2848 3451 3025 3515 idem

790 3583 1192 3670 narrantem.
1251 3576 1410 3661 Age,
1471 3578 1607 3639 iam
1662 3578 1810 3640 iure
1858 3580 2078 3641 nostro
2123 3576 2218 3639 ita
2261 3575 2344 3638 iis
2387 3579 2674 3661 utamur,
2713 3594 2883 3657 quae
2921 3575 3027 3639 hic

790 3703 960 3767 liber
1035 3703 1114 3767 de
1188 3702 1562 3766 initiatione
1637 3701 1770 3765 cibi
1842 3700 2123 3779 exhibet,
2185 3705 2259 3764 ut
2317 3689 2725 3785 Kcvalayani
2772 3702 3024 3775 sutram

858 4046 897 4110 ¹)
935 4044 1103 4099 Hodie
1141 4044 1405 4113 appellant
1440 4045 1612 4114 „ghi”
1641 4044 1780 4113 quod
1814 4028 1975 4114 Angli
2006 4060 2163 4098 more·
2190 4060 2285 4097 suo
2324 4043 2559 4098 scribunt
2586 4045 2727 4114 qhee.

856 4137 898 4202 2)
936 4134 985 4189 N
990 4152 1053 4188 on
1102 4135 1260 4190 verbo
1302 4136 1518 4189 verbum
1563 4124 1794 4201 reddidi3
1822 4132 2079 4205 ῥνᾶᾳαῃεε
2114 4136 2253 4189 enim
2293 4138 2374 4189 est
2407 4137 2610 4203 potent.
2646 4137 2838 4188 causat.
2879 4133 3027 4188 verbi

781 4229 1051 4297 praemitte
1087 4228 1279 4291 „edere
1294 4229 1340 4293 ”3
1375 4231 1553 4282 tamen
1587 4244 1769 4282 vereor
1804 4244 1869 4281 ne
1902 4226 2175 4281 absurdius
2198 4202 2361 4280 latine
2383 4226 2598 4280 audiant
2620 4226 2770 4289 haec:
2800 4241 3025 4289 „novum

791 4321 972 4372 natum
1007 4319 1157 4373 edere
1193 4320 1351 4389 cogit,
1385 4319 1567 4389 adigit,
1592 4318 1809 4373 'iubet''.
2605 4324 2615 4335 ”

838 4412 898 4493 ’,3)
935 4410 1020 4464 Sic
1053 4410 1223 4479 codex.
1258 4407 1437 4464 Editio
1471 4410 1634 4463 habet
1662 4411 1803 4478 prtik
1842 4411 2077 4477 [harma]
2112 4410 2436 4477 kartavyam.
