3325 5200
1676 565 1759 630 32

779 780 1218 864 upasamhrtya
1263 786 1331 844 tu
1375 779 1572 844 munir
1612 779 1835 862 anqci'ni
1877 781 2133 845 krtavdn
2170 782 2368 866 yatah

779 905 1005 969 sacram
1049 904 1270 968 tasmde
1311 928 1380 968 ea
1425 905 1789 970 naiveshtam
1832 905 2396 986 upasamharanam
2443 913 2506 970 tv
2548 906 2672 971 iba.

675 1066 748 1131 (a)
785 1067 846 1116 In
879 1063 988 1118 cod.
1022 1067 1104 1117 est
1138 1071 1330 1128 armat,-
1363 1062 1454 1116 sed
1489 1063 1767 1131 compositi
1798 1063 1941 1132 prior
1972 1066 2055 1118 est
2077 1079 2212 1133 pars,
2238 1064 2416 1134 itaque
2442 1065 2646 1119 mutavi
2666 1095 2727 1105 -
2751 1064 2834 1131 (b)

606 1165 818 1237 Syllaba
849 1168 949 1231 hya
993 1183 1025 1220 a
1059 1165 1231 1220 scriba
1273 1166 1465 1220 omissa
1515 1167 1572 1220 et
1619 1166 1677 1220 in
1727 1167 1961 1236 margine
2006 1169 2214 1222 exarata
2252 1183 2369 1221 cum
2419 1165 2627 1222 chartae
2660 1169 2836 1222 taenia

605 1269 923 1339 inglutinata
982 1269 1278 1339 obtegatur,
1336 1269 1401 1323 de
1461 1284 1578 1323 meo
1636 1269 1859 1338 reposui.
1909 1269 2157 1325 Fortasse
2211 1269 2465 1340 scriptum
2522 1273 2637 1326 erat
2692 1287 2833 1324 sam·

599 1373 842 1442 qrhitam,
878 1371 1015 1442 quod
1047 1375 1226 1426 tamen
1259 1373 1428 1426 metro
1460 1374 1688 1426 vetatur.

691 1529 738 1594 i.
820 1548 878 1594 e.
954 1529 1296 1608 „Veneror
1359 1548 1512 1593 eum
1579 1529 1933 1614 Ganeoum,
2001 1548 2200 1612 quem
2268 1529 2460 1594 initIo
2530 1529 2832 1594 omnium

604 1653 1018 1736 negotiorum
1078 1628 1411 1718 Sal-astrati
1454 1659 1834 1737 ceteraeque
1879 1654 2253 1718 divinitates
2297 1661 2645 1719 veneratae
2691 1674 2834 1738 pro-

603 1779 816 1862 posita
858 1779 940 1842 ad
979 1780 1175 1842 finem
1215 1780 1601 1862 perducunt.
1645 1780 2013 1858 Materiam,
2062 1798 2143 1843 ex
2187 1780 2357 1864 eruti
2400 1779 2833 1863 desumptam,

604 1905 676 1967 in
744 1893 1425 1988 Kpastambiyagrhyo
1487 1907 1869 1987 expositam,
1931 1924 2132 1987 quam
2194 1906 2451 1988 copioso
2506 1924 2835 1970 commen·

606 2031 772 2094 tario
826 2031 1138 2094 instruxit
1194 2031 1625 2114 SudarcanuS,
1686 2031 1791 2093 vir
1849 2031 2126 2113 sapienS,
2179 2049 2325 2096 eam
2386 2031 2459 2093 in
2504 2032 2836 2115 epitomen
2903 2082 2908 2086 .

603 2157 850 2239 redegit
923 2155 1669 2238 Brahmavidyatirthus,
1738 2161 1813 2220 ut
1893 2160 1958 2220 et
2022 2157 2092 2234 ii,
2161 2157 2401 2239 quibus
2466 2175 2674 2239 parva
2740 2161 2837 2220 est

605 2283 920 2361 doctrina,
983 2283 1172 2346 facile
1237 2302 1419 2346 sacra
1484 2283 1787 2366 perficere
1846 2286 2123 2363 possent.
2194 2279 2364 2346 Cum
2426 2285 2649 2346 autem
2710 2286 2836 2344 tra-

605 2408 852 2472 ditione
898 2407 1314 2471 enuntiatum
1362 2409 1464 2485 sit,
1510 2412 1835 2489 quantum
1880 2407 1952 2469 in
1999 2406 2472 2470 commentario
2517 2406 2684 2469 ritus
2728 2405 2835 2469 do-

606 2533 859 2596 mestici
922 2533 1097 2611 insit,
1161 2533 1298 2595 sive
1355 2509 1665 2614 exiguum
1715 2531 1854 2595 sive
1898 2531 1983 2594 sit
2024 2531 2331 2609 multum,
2379 2534 2563 2594 tanto
2614 2547 2836 2614 perpe-

606 2662 779 2723 trato
819 2662 1026 2723 totam
1071 2678 1213 2722 rem
1255 2659 1553 2722 divinam
1593 2677 1730 2723 esse
1752 2658 2123 2741 perfectam,
2148 2658 2386 2722 idcirco
2410 2657 2664 2739 quaein
2689 2656 2840 2719 aliis

605 2784 830 2867 grhyis
886 2784 1156 2866 insuper
1211 2788 1683 2861 memorentur,
1722 2782 1891 2847 libro
1938 2802 2085 2847 meo
2133 2802 2268 2847 non
2310 2782 2579 2862 inserui,
2625 2801 2838 2865 neque

607 2928 724 2992 per
775 2910 1216 2993 ignorantiam
1271 2909 1379 2973 vel
1431 2908 1729 2973 lubidine
1784 2908 1878 2992 [id
1914 2907 2231 2991 neglexi];
2263 2906 2577 2989 quoniam
2612 2911 2836 2971 autem

609 3034 831 3097 munis
879 3022 1347 3118 [Xpastambus
1393 3033 1507 3117 sc.]
1556 3032 1808 3097 siitrum
1859 3033 2028 3110 fecit,
2068 3033 2361 3115 partibus
2397 3051 2515 3115 per
2551 3032 2838 3117 capitula

608 3158 906 3237 recensis,
960 3158 1106 3223 ideo
1151 3158 1302 3221 talis
1347 3157 1543 3221 index
1587 3158 1658 3219 in
1704 3157 1827 3222 hoc
1871 3158 2041 3221 libro
2088 3176 2223 3221 non
2250 3156 2689 3240 ,requiriturss’
2748 3193 2836 3205 --

609 3279 811 3345 Concl
819 3282 1040 3346 uditur
1075 3283 1203 3345 his:
1239 3282 1316 3345 iti
1344 3280 2837 3368 crispam-mahamsaparivra‘jakdcdryaqrti-ahma-

607 3404 1221 3490 vidya‘t‘lrtbaviracito
1250 3408 1763 3491 qrhyaprayoqah.
1812 3407 2084 3491 Ka‘qya‘m
2124 3407 2409 3471 likkitam
2456 3406 2836 3491 §ripatvjpan-

609 3530 813 3595 ditena
876 3532 1305 3614 Daqaputrena
1361 3538 1606 3595 sams-at
1663 3533 1828 3595 1641
1892 3553 2126 3616 samaye
2191 3533 2841 3597 Nandanandmasam-

608 3661 846 3718 vatam-e
911 3656 1692 3740 Bkddraquklaikadaqyd'm
1755 3678 1949 3736 panau
2012 3656 2306 3737 mamam,
2372 3657 2613 3737 pubham
2680 3664 2838 3723 astu.

608 3779 654 3844 i.
717 3798 773 3844 e.
834 3780 1174 3864 „Explicit
1227 3782 1767 3865 grhyaprayogus
1823 3782 2219 3865 compositus
2264 3802 2305 3845 a
2347 3781 2841 3862 Brahmavidya

608 3902 831 3983 tirtho,
891 3906 1138 3987 summi
1196 3906 1434 3989 gradus
1491 3906 1835 3985 monacho,
1881 3906 2023 3970 viro
2072 3906 2466 3971 doctissimo.
2512 3906 2839 3970 Exaratus

608 4026 682 4091 in
738 4029 900 4093 urbe
946 4026 1107 4109 Κιῖᾳῖ
1149 4029 1473 4113 (Benares)
1523 4049 1564 4093 a
1611 4029 1922 4113 magistro
1972 4029 2223 4117 Qripati
2269 4031 2429 4115 Daci
2476 4031 2615 4094 filio
2659 4051 2835 4095 anno

612 4153 783 4215 1584
821 4151 902 4218 A.
942 4153 1045 4234 N„
1083 4154 1190 4218 cui
1226 4174 1472 4219 nomen
1509 4160 1606 4219 cst
1641 4153 1964 4219 Nandano
2005 4173 2229 4219 mense
2263 4154 2522 4219 Bhadro
2554 4174 2837 4219 crescen-

609 4277 690 4339 tis
734 4276 934 4341 lunae
979 4277 1083 4341 die
1129 4279 1474 4358 undecimo
1522 4279 1626 4343 die
1675 4279 1966 4343 Saturni.
2015 4276 2201 4358 Quod
2250 4279 2417 4343 bene
2461 4278 2741 4344 vertat.”

693 4404 906 4467 Maius
960 4405 1191 4489 implet
1248 4406 1535 4489 spatium
1596 4404 2395 4489 Baudhayanaprayogus,
2469 4404 2590 4469 151
2665 4404 2835 4469 foliis
