3325 5200
1693 528 1771 593 80

616 746 695 810 de
757 746 1186 812 daemonibus
1244 744 1439 808 malis
1498 745 1808 828 legimus:
1851 743 2002 827 yadi
2035 746 2172 808 stlta
2209 744 2664 830 ksketrsfya'na‘m
2702 747 2851 832 psalli

612 871 697 936 va*
731 871 1161 954 puruslaeskitd
1187 870 1337 955 padi
1377 871 1514 941 atha
1558 871 1890 954 dasyubkyo
1917 869 2075 953 scita*
2109 872 2472 955 naqyatetah
2518 873 2848 952 saddnvdh,

612 998 658 1065 i.
720 1017 775 1063 e.
837 998 1031 1076 „sive
1086 998 1161 1060 in
1217 996 1532 1060 localium
1592 995 1746 1058 estis
1795 1013 2095 1072 numero,
2157 995 2295 1058 sive
2339 996 2427 1059 ab
2470 996 2852 1061 hominibus

613 1124 817 1202 missi,
892 1124 1029 1188 sive
1101 1119 1201 1208 ab:
1262 1121 1559 1185 hostibus
1634 1120 1923 1200 excitati,
2001 1119 2176 1185 abite
2253 1121 2425 1200 hinc,
2489 1142 2526 1185 o
2587 1123 2850 1188 daemo·
2903 1159 2907 1164 ·

615 1269 733 1313 nes
780 1247 906 1332 (P)”
948 1284 1037 1296 --
1081 1250 1181 1314 De
1220 1246 1431 1310 Nirrti
1470 1247 1595 1310 dea
1636 1248 1776 1310 iam
1820 1247 1892 1310 in
1930 1247 2358 1329 anupranano
2397 1246 2687 1312 diximus
2697 1274 2715 1328 3
2756 1254 2852 1313 est

613 1376 716 1438 vis
777 1375 1091 1452 malefica,
1142 1373 1525 1440 hominibus
1570 1373 1806 1436 infesta
1816 1398 1834 1452 3
1879 1409 1968 1420 --
1995 1372 2387 1456 jdmiqamsa,
2433 1371 2632 1454 dirae,
2687 1392 2851 1458 quas

616 1499 793 1562 effati
850 1502 1003 1562 sunt
1044 1497 1345 1582 jdmayas.
1406 1496 1540 1580 Qui
1600 1503 1825 1562 autem
1858 1496 2190 1582 jdmayas?
2233 1499 2595 1582 Propinqui
2636 1517 2850 1581 neque

616 1625 935 1708 sanguine
979 1625 1116 1690 solo
1162 1625 1529 1703 coniuncti;
1568 1624 1769 1687 latius
1806 1624 1986 1692 enim
2024 1629 2203 1708 patet
2241 1643 2320 1688 ea
2356 1643 2507 1702 voit,
2554 1624 2663 1689 cui
2701 1628 2854 1706 apte

616 1770 969 1833 componas
1011 1750 1128 1833 qui
1168 1769 1399 1834 graece
1443 1750 1759 1816 dicuntur
1801 1749 1864 1814 οἱ.
1886 1746 2097 1828 πέλοις,
2138 1748 2186 1812 οἱ
2222 1748 2485 1822 πλησίον.
2526 1786 2614 1798 -
2664 1747 2722 1812 V
2713 1771 2854 1814 aru-

615 1897 811 1960 nasya
832 1875 992 1958 pci'fa
1028 1876 1083 1938 si
1121 1875 1323 1940 verbo
1361 1876 1641 1940 verbum
1681 1875 1916 1954 reddis,
1953 1880 2049 1940 est
2086 1875 2486 1953 „vinculum
2527 1873 2854 1940 Varuni'’.

620 2003 925 2066 Varunus
982 2006 1229 2080 autem,
1289 2001 1516 2066 omnia
1568 2001 1954 2083 amplexans
1997 2000 2178 2066 Indis
2223 2003 2318 2064 est
2360 2000 2462 2062 vis
2503 2000 2641 2079 illa,
2686 2018 2857 2082 quae

622 2127 855 2191 mundi
916 2126 1213 2194 ordinem
1275 2131 1491 2190 servat
1548 2126 1828 2209 ideoque
1887 2125 2150 2190 nullum
2197 2130 2536 2207 peccatum
2583 2125 2858 2210 impune

622 2253 775 2317 ferri
834 2251 1011 2333 sinit,
1070 2252 1251 2316 haud
1304 2252 1628 2316 absimilis
1689 2252 2089 2318 Graecorum
2145 2250 2350 2326 Δίκης.
2397 2251 2683 2316 Vinculo
2729 2250 2856 2318 Va-

622 2397 861 2442 runum
933 2378 1203 2442 instruit
1274 2377 1704 2461 mythologia,
1773 2396 1904 2460 quo
1965 2377 2128 2442 mali
2187 2375 2699 2456 circumdantur,
2763 2377 2861 2440 ita

624 2509 699 2568 ut
740 2504 963 2588 fugere
1008 2508 1341 2586 nequeant
1351 2529 1369 2582 3
1415 2502 1621 2566 latine
1669 2503 1873 2586 igitur
1930 2499 2288 2585 Varunaeya
2319 2507 2480 2584 pdqa
2516 2500 2861 2586 respondet

626 2631 918 2710 „merita
990 2629 1277 2715 poena”.
1352 2630 1438 2693 Et
1518 2648 1698 2695 mors
1772 2629 2175 2713 significatur
2182 2652 2201 2707 3
2278 2646 2476 2693 nemo
2545 2627 2726 2693 enim
2797 2630 2861 2690 et

625 2756 796 2819 hanc
837 2740 1024 2839 fugit.

714 2881 937 2947 Primo
999 2900 1195 2945 versu
1250 2880 1319 2943 vi
1363 2880 1572 2963 precis
1616 2884 1957 2963 aegrotum
2003 2878 2180 2943 malo
2227 2878 2355 2942 sibi
2402 2861 2662 2941 videtur
2704 2876 2863 2941 libe·

626 3024 773 3069 rare
814 3005 892 3083 is,
944 3005 1060 3088 qui
1102 3024 1371 3071 carmen
1414 3006 1670 3069 recitat.
1716 3005 1928 3068 Versu
1970 3002 2256 3069 secundo
2300 3008 2366 3068 et
2409 3004 2602 3068 tertio
2657 3007 2865 3085 potes-

630 3135 814 3211 tates,
856 3150 1028 3215 quae
1069 3135 1223 3196 sunt
1266 3132 1339 3195 in
1384 3130 1657 3210 mundo,
1701 3130 1964 3197 coelum
2011 3135 2334 3213 terraque,
2397 3129 2496 3195 sol
2556 3134 2621 3194 et
2682 3129 2863 3208 luna,

630 3261 744 3320 abir
780 3261 846 3321 et
878 3258 1177 3340 regiones
1211 3277 1365 3322 cum
1402 3275 1631 3321 earum
1671 3256 2024 3335 attributis,
2082 3259 2158 3319 ut
2199 3256 2522 3339 propitiae
2557 3255 2700 3344 ,sint
2743 3254 2865 3333 illi,

632 3381 816 3465 petit.
862 3382 1129 3447 Habent
1170 3387 1396 3447 autem
1440 3382 1563 3447 hoc
1600 3402 1753 3445 cum
1793 3381 2161 3466 permultae
2197 3379 2697 3460 incantationes,
2722 3384 2866 3443 tum

634 3512 876 3586 nostra,
923 3508 1117 3590 quod,
1162 3513 1506 3590 postquam
1557 3507 1778 3572 verbis
1823 3480 2223 3586 solennibus,
2264 3512 2338 3571 ut
2376 3506 2630 3590 aliquid
2666 3507 2865 3583 fieret,

636 3633 883 3716 precati
944 3636 1116 3711 sunt,
1164 3637 1307 3697 tum
1354 3632 1421 3695 id
1458 3633 1555 3696 ita
1600 3633 1845 3697 factum
1894 3598 2029 3697 esse
2067 3632 2455 3715 gloriantur.
2494 3633 2715 3717 Pergit
2750 3632 2866 3717 igi·

639 3764 751 3823 tur
794 3763 989 3844 poeta
1031 3758 1161 3823 his:
1212 3758 1495 3823 Iamiam
1542 3759 1858 3823 liberatus
1901 3778 1968 3823 es
2009 3757 2208 3836 ma10,
2253 3776 2384 3840 quo
2431 3776 2575 3821 eras
2617 3776 2872 3842 oppres-

640 3904 769 3963 sus,
815 3884 899 3947 ad
942 3884 1151 3947 vitam
1200 3888 1263 3947 et
1303 3883 1687 3947 felicitatem
1723 3883 1992 3947 rediisti.
2033 3882 2238 3946 Sicuti
2276 3881 2480 3946 solem
2524 3880 2870 3965 [quotidie]

642 4008 735 4071 dii
778 4008 1065 4075 tenebris
1107 4009 1447 4073 nocturnis
1487 4008 1793 4087 liberant,
1839 4009 1908 4071 in
1931 4000 1936 4005 ’
1960 4006 2216 4073 coelum
2257 4012 2588 4086 revocant,
2627 4007 2718 4073 sic
2755 4026 2872 4091 ego

642 4137 705 4197 te
750 4134 928 4198 malo
976 4138 1091 4199 tuo
1134 4134 1366 4200 libero.

642 4302 823 4357 nificat
870 4345 899 4367 „
912 4304 970 4357 in
1018 4304 1122 4359 alio
1163 4320 1289 4374 agro
1326 4303 1387 4373 (i.
1428 4320 1474 4360 e.
1518 4320 1613 4374 per
1653 4304 2024 4374 migrationem
2064 4306 2298 4372 tantum)
2335 4304 2584 4361 sanabilis
2597 4308 2645 4371 '',
2679 4322 2784 4359 non
2816 4306 2877 4359 ut

646 4394 927 4449 scholiasta
958 4395 1167 4465 quidam
1200 4397 1431 4465 nugatur
1463 4395 1559 4461 „in
1591 4396 1696 4449 alio
1731 4410 1942 4465 corpore
1971 4395 2220 4449 sanabilis
2234 4396 2280 4451 ”.
