3325 5200
1859 510 1940 578 50

784 731 954 790 trem
1001 730 1067 791 et
1107 730 1365 810 patrem
1408 727 1704 810 impuros
1746 726 1888 790 fieri
1936 730 2123 790 vetus
2162 730 2259 790 est
2295 690 2518 810 opinio
2561 723 2635 812 1).
2674 725 2789 792 Nil
2824 728 3029 812 igitur

783 850 1125 934 antiquius
1184 852 1426 916 habere
1488 857 1743 935 oportet
1794 855 2070 935 patrem,
2116 871 2319 934 quam
2366 853 2650 932 lustrari,
2698 859 2773 918 ut
2818 873 3026 917 sacra-
3112 877 3131 889 ·

783 982 1086 1040 mentum
1121 977 1332 1042 facere
1366 977 1492 1042 sibi
1525 977 1739 1042 liceat.
1779 977 1858 1040 In
1898 976 2422 1061 dharmaeastris,
2468 977 2706 1060 quibus
2728 979 3039 1061 purifica-

782 1102 1060 1180 tionum,
1142 1101 1577 1185 piaculorum,
1650 1102 2101 1184 expiationum
2172 1107 2269 1166 est
2335 1102 2697 1184 provincia,
2772 1102 3029 1170 disertis

779 1223 1001 1291 verbis
1042 1227 1162 1291 hoc
1203 1226 1491 1306 iubetur,
1535 1227 1721 1291 velut
1762 1227 1940 1310 apud
1983 1227 2259 1292 Manum
2310 1226 2389 1304 V,
2441 1227 2552 1290 62:

895 1395 899 1404 ·
959 1351 1304 1414 amabam
1351 1350 1552 1432 qdvam
1595 1351 1885 1432 a‘qaucam
1934 1350 2275 1432 mdtdpitros
2318 1355 2387 1414 tu
2428 1349 2702 1414 sultakam

843 1491 851 1500 ·
956 1471 1244 1539 evitabam
1287 1474 1484 1539 mdtur
1523 1495 1630 1539 eva
1672 1473 1825 1560 eydd
1862 1460 2191 1558 upasprpya
2228 1473 2376 1556 pita*
2410 1475 2605 1554 quc-ih.

869 1599 917 1665 i.
941 1619 1000 1667 e.
1019 1619 1252 1684 „quae
1289 1607 1501 1670 morte
1539 1600 1652 1686 [sc.
1694 1570 1945 1684 agnati]
1987 1601 2196 1665 oritur
2234 1619 2311 1664 ea
2336 1600 2637 1666 omnium
2664 1599 2777 1690 [sc.
2817 1620 3014 1683 agna-

661 1739 669 1749 ·
784 1723 1032 1808 torum]
1094 1731 1189 1790 est
1238 1726 1608 1809 impuritas,
1653 1745 1825 1810 quae
1873 1744 2027 1790 vero
2071 1730 2285 1808 partu,
2334 1744 2413 1788 ea
2453 1725 2828 1807 parentium
2876 1733 3015 1790 tan-

679 1875 684 1880 ·
784 1855 925 1913 tum
965 1855 1079 1929 est,
1116 1851 1283 1933 quin
1325 1851 1520 1914 unius
1559 1851 1643 1916 sit
1682 1850 1911 1915 matris
1921 1875 1940 1929 3
1979 1853 2166 1933 pater
2202 1850 2381 1913 enim
2422 1869 2664 1932 aquam
2690 1827 3015 1934 tangendo

781 1991 986 2057 purus
1027 1973 1164 2038 fit.'’
1204 1971 1254 2059 ²)
1319 1973 1417 2040 cf.
1465 1980 1530 2039 et
1576 1995 1801 2040 versus
1846 1958 2162 2040 Samvarti
2212 1975 2302 2057 (et
2346 1975 2403 2038 is
2440 1981 2669 2040 auctor
2714 1977 3016 2040 dharma-

786 2099 981 2182 castri
1021 2087 1351 2183 putandus
1385 2119 1521 2165 esse
1567 2099 1872 2184 videtur),
1911 2100 2215 2164 laudatus
2253 2101 2326 2163 in
2367 2089 2621 2182 Kryav.
2667 2120 2814 2184 pag.
2865 2101 2945 2162 99

942 2225 1081 2309 jdte
1117 2231 1302 2308 putre
1343 2225 1532 2308 pituh
1579 2224 1841 2289 ananam
1892 2225 2192 2290 eac-ailam
2251 2232 2320 2289 tu
2368 2223 2670 2310 vidltt'yate
2719 2225 2821 2308 (cf.
2870 2227 3014 2292 Ssk.

1737 2401 1741 2404 a
2274 2350 2521 2421 Paddh
2567 2370 2763 2434 supra
2806 2350 3010 2435 laud.)

960 2474 1130 2540 mdta
1159 2475 1424 2561 qudhyed
1461 2475 1761 2556 dafdkena
1802 2474 2020 2540 mandet
2064 2481 2134 2540 tu
2176 2497 2536 2558 sparqanam
2570 2475 2781 2558 pituh.

871 2600 918 2667 i.
977 2620 1034 2667 e.
1095 2609 1307 2681 „nato
1364 2621 1568 2685 puero
1624 2603 1798 2685 patri
1858 2602 1953 2666 fas
2005 2608 2100 2667 est
2142 2622 2291 2666 cum
2340 2602 2732 2667 vestimento
2781 2600 3010 2679 lavari,

787 2732 997 2790 mater
1041 2727 1263 2791 decem
1311 2728 1541 2791 diebus
1581 2747 1749 2810 pura
1790 2728 1906 2793 fiat
1949 2733 2019 2791 at
2063 2727 2395 2792 lavatione
2438 2726 2687 2810 pater.”

871 2850 1072 2917 Lotus
1108 2858 1592 2916 sacramentum
1629 2852 1840 2917 facere
1877 2852 2249 2935 aggreditur
2285 2870 2364 2915 ea
2407 2851 2793 2935 peragendo,
2840 2870 3021 2933 quae-

783 2982 1018 3041 actum'
1085 2978 1447 3042 sollennem
1533 2983 1874 3061 tamquam
1965 2946 2481 3060 praenuntiant(
2544 2976 2725 3040 Haec
2812 2976 3011 3057 Pray.

780 3102 1001 3181 Ratn„
1065 3103 1310 3192 quibus
1385 3120 1482 3182 ea,
1558 3121 1730 3184 quae
1806 3121 2003 3185 supra
2065 3102 2438 3180 citavimus,
2504 3101 3008 3165 continuantur:

785 3227 1050 3312 (sndtvd)
1087 3227 1332 3312 '’camya
1373 3226 2155 3312 sitaeandanamdlyddibhir
2198 3226 2507 3290 alamkrto
2549 3224 3013 3289 udlaeclaedandc

766 3351 1034 3433 priv-vam
1099 3351 1746 3437 satikanioyatinktair
1816 3352 2149 3434 asprsktam
2216 3349 2803 3433 akrtastanapdnam
2858 3372 3010 3432 pra·

850 3728 891 3807 1’)
925 3740 1098 3795 Mater
1133 3744 1188 3797 et
1220 3741 1356 3811 apud
1389 3740 1650 3797 Romanos
1687 3745 1843 3812 partu
1876 3743 1941 3797 fit
1978 3742 2196 3811 impura.
2218 3740 2345 3796 Inde
2370 3740 2579 3795 crebrae
2608 3738 3011 3809 purificationes,

783 3848 912 3901 quas
958 3817 1095 3886 vide'
1118 3833 1252 3902 apud
1303 3833 1522 3887 Tertull.
1556 3832 1618 3887 de
1651 3834 1826 3888 anima
1862 3835 1951 3899 39;
1986 3832 2048 3887 de
2083 3833 2206 3887 idol.
2246 3835 2331 3898 163
2366 3832 2478 3887 dies
2511 3831 2779 3885 nominum
2811 3834 2898 3897 (Ξ.-
2912 3832 3011 3883 πᾶ-

781 3924 1079 3977 makarana
1122 3923 1393 3991 Indorum)
1441 3924 1772 3989 „lustricus”
1815 3924 2123 3994 appellatur.
2182 3924 2262 3979 De
2296 3918 2619 3979 Graecorum
2660 3927 2853 3991 λοχίοις·
2908 3921 3011 3977 vid.

784 4013 1106 4067 Schoemann
1140 4013 1347 4068 Griech.
1373 4014 1493 4069 ‘Alt.
1529 4014 1602 4080 H,
1635 4031 1753 4085 pag.
1789 4016 1907 4072 350.

846 4106 890 4172 Ξ)
927 4104 1174 4171 Quamvis
1249 4106 1314 4159 ad
1372 4105 1424 4161 h.
1473 4106 1508 4160 1.
1581 4122 1687 4159 non
1734 4106 2013 4175 pertineat,
2062 4122 2166 4160 non
2210 4122 2421 4187 possum
2464 4106 2623 4161 verbo
2674 4106 2863 4161 saltem
2906 4122 3010 4160 non

779 4194 1006 4249 indicare
1049 4196 1240 4249 mirum
1279 4196 1334 4249 in
1373 4196 1584 4251 modum
1614 4196 1801 4251 Manus
1838 4197 2029 4255 codicis
2064 4198 2371 4267 scriptorem
2408 4197 2510 4251 sibi
2543 4198 2714 4267 ipsum
2749 4197 3009 4251 contradi-

783 4300 929 4350 cere;
964 4301 1142 4339 versus
1175 4285 1315 4339 enim
1350 4286 1413 4353 V,
1448 4288 1514 4341 58
1547 4290 1602 4341 et
1635 4289 1697 4341 61
1735 4287 1873 4342 idem
1907 4288 2191 4354 affirmant,
2226 4288 2365 4359 qnod
2388 4305 2461 4342 vs.
2488 4289 2553 4343 62
2575 4292 2811 4358 negatur.
2833 4287 3011 4351 Habe2

780 4390 964 4434 musne
997 4376 1384 4447 compilatorem
1421 4380 1797 4435 confitentem?
2882 4392 2889 4397 '
2984 4379 2995 4396 “
