3325 5200
1602 578 1684 644 13

529 803 592 862 et
630 796 758 861 loc-i
794 800 958 880 quos
997 815 1194 878 supra
1230 814 1377 879 pag.
1416 795 1452 856 9
1478 794 1949 877 laudavimus).
1978 791 2213 858 Cetera
2235 795 2511 859 nomina
2534 769 2759 861 utrum
2801 855 2805 859 .

529 926 825 1007 mythiea
861 923 992 987 sint
1028 941 1234 986 neene
1267 921 1396 984 hue
1432 940 1567 985 non
1604 921 1905 1003 pertinet,
1946 921 2059 984 sed
2088 921 2239 984 vide
2277 940 2361 985 ne
2399 923 2758 986 absurdum

528 1049 748 1135 fecisse
803 1048 1107 1111 videatur
1161 1045 1412 1128 scriptor
1451 1034 1947 1130 Xevalayanus,
1996 1051 2070 1108 ut
2116 1046 2383 1110 sibimet
2426 1049 2553 1131 ipsi
2598 1049 2761 1113 liba-

529 1178 694 1252 rent,
752 1172 1178 1256 praecipiens..
1239 1170 1376 1234 Aut
1433 1171 1638 1254 igitur
1696 1190 1848 1234 eum
1912 1170 2091 1234 Indis
2150 1171 2627 1254 accipiendum.
2668 1179 2765 1238 est

532 1297 776 1377 omnia,
815 1315 985 1379 quae
1021 1296 1144 1359 sub
1179 1283 1590 1380 Xevalayani
1629 1295 1901 1359 nomine
1928 1281 2479 1360 circumferuntur
2500 1298 2758 1381 scripta,

531 1425 617 1487 ab
676 1443 810 1487 uno
869 1441 1078 1505 eoque
1120 1422 1682 1505 praestantissimo
1731 1422 1875 1484 viro
1922 1441 2056 1484 esse
2102 1423 2485 1505 composita,
2533 1424 2765 1486 simili-

535 1555 762 1642 terque
843 1549 922 1612 de
989 1546 1405 1630 Katyayano,
1474 1537 1882 1630 Xpastambo
1946 1546 2097 1610 aliis
2156 1547 2592 1628 sentiendum,
2654 1552 2769 1612 aut

535 1680 763 1739 eontra
822 1672 1281 1752 statuendum„
1323 1672 1423 1736 uti
1478 1691 1693 1758 neque
1746 1671 2509 1756 Manavakalpasfitram,
2556 1693 2770 1756 neque

536 1797 1380 1881 Manavadharmaeastram
1442 1779 1655 1878 neque
1717 1815 2147 1878 quaeeunque
2194 1797 2328 1860 alia
2370 1797 2492 1861 sub
2536 1797 2772 1862 Manus

539 1925 810 1988 nomine
877 1924 1022 1986 Indi
1092 1927 1511 2000 venerantur,
1580 1923 1667 1986 ab
1737 1942 1869 1987 uno
1937 1923 2143 2007 Manu
2208 1942 2343 1986 esse
2410 1925 2775 2006 conscripta

539 2055 792 2115 constat
826 2086 915 2098 --
952 2069 1110 2112 nam
1151 2050 1273 2114 hoo
1309 2053 1563 2112 eertum
1605 2053 1703 2112 est
1738 2049 1905 2111 rshis
1928 2067 2237 2132 personas
2262 2068 2397 2113 esse
2424 2050 2769 2131 mythieaS,

542 2195 753 2258 neque
829 2175 1258 2238 Vasishthum
1332 2193 1548 2256 neque
1625 2173 2114 2259 Vievamitrum
2194 2194 2408 2258 neque
2480 2174 2774 2258 Bhrgum

542 2302 843 2366 homines
879 2319 1199 2383 umquam
1242 2299 1437 2362 fuisse
1475 2335 1562 2346 ·-
1600 2303 1833 2362 eontra
1872 2299 2100 2362 omnia
2137 2317 2216 2362 ea
2253 2299 2327 2361 in
2350 2319 2541 2362 usum
2565 2300 2777 2382 gentis

542 2427 864 2492 Manavae
909 2426 1033 2488 vel.
1061 2425 1281 2489 ear-ani
1325 2423 1596 2487 Manavi
1643 2423 1935 2506 (fortasse
1980 2425 2067 2488 ab
2110 2424 2493 2489 hominibus
2533 2444 2615 2488 ex
2656 2425 2777 2487 hae

545 2557 756 2636 gente,
783 2552 1042 2635 carano)
1069 2549 1275 2614 literis
1299 2567 1434 2613 esse
1458 2547 1774 2613 mandata
1784 2573 1806 2627 ς
1828 2548 1919 2612 sie
1944 2547 2022 2613 de
2044 2547 2249 2628 libris,
2272 2568 2555 2632 quorum
2583 2548 2774 2613 titulo

543 2677 985 2761 praepositum
1033 2681 1128 2740 est
1169 2665 1602 2758 Zfflaaldyanaq
1650 2673 2055 2757 Ka‘tyci'yana-,
2102 2663 2483 2757 Zpasbamba-
2521 2681 2641 2739 etc.
2680 2674 2779 2738 nil

544 2803 814 2885 liquere,
876 2802 1006 2864 nisi
1065 2800 1242 2883 quod
1299 2790 1903 2884 Kovalayanorum,
1958 2798 2527 2881 Katyayanorum,
2575 2790 2777 2883 Kpas-

545 2928 925 2991 tamborum
957 2932 1078 2999 etet
1103 2945 1337 3005 moreS,
1361 2926 1528 3005 iura,
1551 2926 1756 2989 ritum
1781 2926 2183 3009 contineant
2206 2924 2449 2989 Utrum
2472 2929 2773 3009 praestet,

547 3054 865 3117 iudicium
922 3054 1005 3115 sit
1057 3071 1256 3135 penes
1297 3051 1640 3131 lectorem3
1688 3052 1811 3115 hoo
1857 3055 2114 3114 tantum
2163 3051 2400 3115 addere
2444 3050 2671 3130 velim,
2724 3050 2779 3113 si

551 3179 926 3245 huiusmodi
985 3178 1308 3242 librorum
1354 3197 1570 3242 meros
1614 3178 1973 3260 respexeris
2020 3178 2263 3257 tituloS,
2312 3178 2627 3261 ambigua
2672 3196 2783 3241 eos

548 3305 1085 3388 interpretatione
1169 3304 1290 3367 tibi
1369 3304 1588 3367 visum
1660 3304 1746 3366 iri
1756 3329 1774 3381 3
1815 3290 2668 3387 'Xevalayanagrhyasfitra
2715 3306 2780 3363 et

551 3481 589 3509 ‚,
604 3438 818 3495 cetera
875 3428 1244 3513 degenere
1280 3418 1471 3493 ‘hoe”
1533 3448 1669 3493 non
1728 3429 1943 3492 solum
2007 3428 2325 3511 appellari
2367 3431 2638 3511 possunt
2683 3445 2780 3503 ea,

551 3575 720 3637 quae
781 3556 867 3620 ab
927 3555 1028 3617 his
1087 3555 1248 3617 viris
1307 3555 1669 3637 composita
1728 3560 1899 3633 sunt,
1964 3554 2074 3617 sed
2119 3554 2317 3617 etiam
2378 3572 2456 3617 ea
2498 3571 2668 3635 quae
2712 3552 2783 3614 in

554 3897 735 3963 videri,
769 3901 831 3952 ut
866 3896 1146 3952 tolleretur
1179 3900 1393 3966 ἀπορία,
1429 3914 1560 3968 quae
1593 3900 1678 3950 est
1710 3895 1767 3949 in
1799 3895 1913 3949 loeo
1946 3897 2144 3958 nostr0‚
2176 3894 2449 3963 propterea
2482 3890 2621 3961 quod
2654 3906 2787 3960 quae

555 3989 869 4057 praecedunt
914 3990 1216 4059 §caryorum
1257 3990 1469 4049 nomina
1513 4006 1636 4043 casu
1680 3988 1877 4042 nomin.
1917 3988 2090 4055 posita
2132 3986 2377 4039 videntur
2423 4000 2552 4049 esse,
2598 4000 2631 4037 a
2666 3998 2789 4037 voce

505 4126 511 4131 .
556 4096 677 4134 vero
709 4082 971 4134 Kaholam
1003 4080 1070 4135 ad
1107 4075 1504 4150 ἶςὲυᾶἱᾶῃαηαυη
1541 4096 1662 4135 casu
1690 4094 1858 4133 accus.
1884 4077 2055 4131 Multo
2071 4075 2417 4140 verisimilior,
2436 4090 2551 4129 mea
2581 4074 2791 4143 quidem

557 4174 820 4225 sententia
871 4176 952 4227 est
1000 4174 1387 4242 interpretatio,
1439 4189 1571 4241 quae
1621 4172 1679 4225 in
1710 4168 1833 4241 Lex.
1869 4171 1989 4224 Pet.
2024 4170 2192 4234 datur,
2228 4184 2334 4222 non
2366 4183 2472 4222 ace.
2508 4182 2665 4221 masc.
2701 4166 2793 4220 sed

558 4281 697 4319 nom.
739 4267 910 4319 neutr.'
955 4266 1218 4319 Kaholam
1257 4268 1335 4332 [et
1377 4282 1436 4319 ea
1471 4281 1602 4334 quae
1641 4265 1946 4333 sequuntur,
1981 4264 2043 4315 ut
2076 4276 2171 4329 par
2202 4263 2305 4327 est]
2344 4244 2458 4313 esse
2492 4258 2801 4323 statuente3

558 4355 844 4409 brahmana
874 4360 999 4411 tum-
1024 4356 1322 4425 significant
1359 4372 1421 4409 ea
1447 4354 1713 4419 voeabula,
1742 4357 1901 4423 atque
1935 4352 2233 4406 huiusmodi
2266 4350 2430 4404 libros
2463 4366 2556 4419 pro
2590 4348 2791 4420 deity-is

549 4448 742 4501 haberi
775 4448 1062 4517 putandum
1099 4451 1199 4502 est.
