3325 5200
1569 583 1651 650 63

495 796 875 880 adaptatum
923 796 1047 860 erit
1088 737 1526 862 cereinoniaez
1572 795 1777 875 „Tres
1819 801 2066 863 aetates
2107 799 2148 861 J
2151 797 2550 882 amadagnis,
2596 806 2724 866 tres

495 927 741 985 aetates
803 922 1137 1006 Ka9yapi,·
1187 941 1357 1004 quae
1413 921 1801 986 coelestibus
1860 927 2013 986 sunt
2063 899 2212 988 'tres
2277 929 2540 1004 aetates,
2608 944 2724 990 eae

496 1047 619 1110 tibi
677 1047 809 1110 sint
858 1051 986 1111 tres
1028 1046 1347 1112 aetates”.
1395 1045 1896 1112 commentator
1937 1046 2363 1114 Mahidharus
2413 1050 2498 1114 ad
2553 1049 2724 1115 hune

497 1170 579 1235 V.
627 1173 692 1234 S.
748 1170 969 1234 locum
1017 1172 1370 1250 evidenter,
1416 1173 1472 1234 si
1516 1171 1677 1254 quid
1719 1145 1930 1251 video,
1980 1177 2284 1238 annotat:
2329 1174 2732 1259 ba‘lyayauva-‚

496 1296 986 1392 nastkavirdna‘m
1040 1295 1334 1379 dyusha‘m
1392 1265 1734 1360 samdkdras
1787 1299 2184 1381 tryd'yusham,
2231 1299 2277 1363 i.
2324 1319 2380 1364 e.
2426 1347 2466 1377 „
2481 1299 2723 1384 trydyu·

496 1421 661 1484 sham
726 1441 864 1484 una
928 1440 1088 1485 voce
1146 1421 1606 1504 complectitur
1639 1471 1644 1475 .
1659 1423 2002 1504 pueritiae,
2066 1423 2446 1504 iuventutis,
2508 1441 2722 1488 senec·

500 1547 657 1610 tutis
701 1544 1009 1611 aetates”.
1044 1543 1145 1639 Cf.
1171 1544 1317 1636 Qat.
1342 1546 1448 1611 Br.
1477 1547 1579 1624 12,
1608 1546 1668 1626 9,
1697 1547 1756 1626 1,
1783 1547 1843 1611 8.
1889 1547 2160 1630 Proprie
2204 1547 2582 1632 trydymbam
2627 1552 2724 1613 est

499 1671 655 1750 dies,
702 1671 1023 1735 trifariam
1084 1671 1347 1750 divisus,
1398 1671 1471 1734 in
1518 1690 1738 1750 mane,
1774 1658 2156 1751 meridiem,
2195 1691 2571 1757 vesperum3
2603 1693 2720 1738 suo

498 1801 721 1860 autem
780 1798 923 1860 iure
984 1803 1048 1861 et
1106 1817 1355 1861 annum
1402 1801 1467 1861 et
1509 1797 1852 1879 periodum
1902 1797 2127 1881 (kalpa)
2173 1817 2291 1881 pro
2338 1799 2532 1882 longo
2575 1797 2724 1861 Indi

497 1924 743 1988 habent
802 1924 927 1989 die.
985 1923 1218 1988 Merito
1278 1929 1343 1987 et
1400 1923 1721 1987 sideribus
1783 1922 1870 2004 (V.
1929 1942 1990 1987 a.
2050 1925 2245 2008 deva‘s)
2307 1929 2436 1988 tres
2479 1927 2725 1988 aetates

496 2056 643 2112 'esse
696 2047 1024 2127 dicuntur,
1084 2049 1321 2112 merito
1382 2053 1447 2112 et
1505 2049 1705 2113 vitae.
1765 2048 1994 2132 Itaque
2052 2053 2356 2132 precatur
2397 2054 2599 2133 pater,
2648 2055 2724 2115 ut

495 2176 625 2235 tres
682 2177 928 2236 aet-ates
985 2174 1117 2236 sint
1167 2173 1302 2237 filio
1349 2193 1485 2252 suo,
1533 2191 1619 2236 ne
1662 2179 1818 2237 ante
1862 2179 2119 2257 tempus
2161 2179 2373 2240 morte
2417 2175 2722 2257 corripia-

450 2331 453 2334 ⁴
497 2301 622 2376 tur,
681 2265 757 2360 ut
814 2297 1187 2361 naturalem
1248 2298 1599 2361 senectutis
1657 2297 1851 2362 obeat
1909 2304 2211 2364 mortem.
2281 2297 2378 2364 Cf.
2424 2295 2590 2364 A.V.
2637 2299 2722 2380 H,

499 2423 603 2500 13,
651 2423 719 2485 l:
747 2421 1169 2506 jardmrtyum
1212 2422 1512 2486 krnutam
1554 2421 1824 2504 di'rybam
1869 2422 2052 2507 dyuh.
2638 2502 2643 2506 ι

585 2549 645 2614 3.
705 2569 774 2613 sa
823 2548 975 2634 yadi
1030 2549 1337 2633 kdmayeta
1393 2559 1627 2614 sarvam
1685 2549 1836 2633 ἄψιν
1893 2548 2038 2634 iydd
2083 2547 2162 2613 iti
2204 2548 2722 2633 vdtsaprenainam
2769 2557 2772 2562 '

495 2674 827 2755 abhimrpet.
884 2676 1055 2739 divas
1089 2673 1307 2760 par‘z'ty
1364 2674 1579 2759 etasyci'
1605 2674 2199 2759 ’nuva‘kasyottardm
2258 2694 2432 2739 ream
2497 2673 2722 2757 parifi-

494 2800 717 2878 nashti,
761 2802 807 2865 i.
846 2820 902 2865 e.
948 2802 1232 2884 „quodsi
1279 2802 1335 2864 is
1384 2801 1497 2885 [sc.
1542 2801 1755 2884 pater]
1803 2802 2025 2884 cupiat
2072 2800 2338 2885 [filium]
2394 2800 2478 2864 ad
2524 2820 2721 2866 omne

494 2944 734 2989 aevum
796 2926 1047 2989 iturum
1106 2945 1241 2990 esse
1298 2926 1635 3008 va'teapram
1679 2926 1960 2990 recitans
2007 2944 2161 3009 eum
2207 2924 2514 2989 mulceto,
2559 2894 2722 2988 Eius

495 3050 748 3132 hymni,
772 3051 887 3133 qui
909 3052 1168 3134 incipit:
1193 3049 1612 3133 „divaspari”
1637 3051 1955 3115 ultimum
1980 3070 2244 3115 versum
2270 3046 2579 3115 omittit’'.
2604 3050 2720 3114 Est

495 3175 785 3256 hymnus
824 3174 991 3259 Rgv.
1028 3174 1114 3255 X,
1154 3177 1236 3238 45
1285 3202 1372 3236 =
1409 3177 1490 3242 V.
1523 3178 1588 3241 S.
1618 3176 1767 3256 XII,
1798 3176 1899 3256 18,
1945 3194 2105 3259 sqq„
2135 3174 2219 3239 ad
2241 3174 2566 3258 triplicem
2592 3173 2719 3259 Ag-

493 3301 657 3380 nim,
698 3299 955 3383 longior
975 3319 1179 3384 quam
1202 3305 1275 3367 ut
1298 3302 1766 3379 exscribamus,
1788 3302 2028 3384 quippe
2051 3300 2356 3365 undecim
2382 3318 2714 3363 versuum.
2817 3314 2821 3318 ’

476 3404 855 3509 'Va‘tsapram
899 3427 1267 3511 appellatur
1310 3446 1353 3490 a
1385 3428 1655 3492 nomine
1693 3427 1828 3491 fieti
1867 3426 2150 3491 auctoris
2196 3423 2570 3508 Vatsaprin.
2620 3408 2718 3488 Cf.

493 3552 667 3615 infra
714 3540 940 3635 Kpast.
989 3552 1049 3616 1.
1094 3549 1271 3632 Quid
1313 3552 1439 3617 sibi
1481 3553 1643 3615 velit
1679 3572 1821 3635 spes
1857 3548 2080 3635 patris,
2120 3553 2204 3616 ad
2242 3571 2437 3616 omne
2475 3568 2717 3615 aevum

494 3679 704 3741 filium
766 3679 1017 3742 iturum
1080 3696 1235 3758 esse,
1296 3683 1563 3761 apparet
1623 3697 1706 3742 ex
1766 3675 1912 3769 Qat.
1967 3646 2076 3743 Br.
2126 3679 2229 3757 11,
2281 3678 2339 3756 8,
2387 3676 2449 3754 33,
2498 3676 2556 3753 6,
2600 3674 2720 3740 ubi

493 3803 847 3867 verborum
890 3824 959 3867 sa
1002 3824 1237 3867 sarvam
1278 3802 1431 3887 ἄμην
1472 3801 1617 3887 iydd
1647 3804 1809 3867 haec
1845 3807 1941 3867 est
1975 3802 2425 3898 interpretatio
2465 3799 2514 3865 εἴ
2538 3800 2716 3865 haiva

476 3928 731 4012 jardyai
772 3926 969 4012 jdvati
1024 3929 1069 3992 i.
1120 3947 1177 3993 e.
1222 3927 1359 4006 „ad
1392 3933 1799 3997 ,senectutem
1844 3926 2084 3992 vivit”.
2133 3927 2474 3991 Sententia
2515 3925 2719 4009 igitur

494 4054 652 4117 haec
699 4059 813 4133 est,
857 4053 1049 4136 patri,
1096 4053 1151 4117 si
1197 4054 1357 4117 velit
1399 4054 1609 4117 filium
1657 4072 1881 4117 senem
1905 4053 2081 4131 -fore,
2127 4028 2540 4116 recitandum
2581 4070 2716 4115 esse
2773 4070 2778 4076 ·

494 4198 690 4262 supra
753 4170 1001 4241 dictum
1060 4198 1347 4274 carmen.
1410 4176 1720 4243 Ceterum
1785 4178 1862 4242 cf.
1921 4178 2085 4261 Rgv.
2146 4177 2199 4255 I,
2261 4176 2364 4255 93,
2414 4174 2452 4238 3
2495 4174 2718 4257 vipvam

494 4306 656 4392 cat-qun
701 4309 766 4369 et
810 4288 1009 4393 'rajitt
1039 4292 1166 4370 Er.
1214 4304 1373 4369 vm
1419 4304 1479 4383 s,
1529 4306 1602 4366 ει

670 4453 902 4496 sarvam
944 4450 1119 4495 evam
1167 4436 1224 4493 te
1264 4428 1418 4512 ἄγαν
1452 4427 1633 4512 yanti
1667 4449 1744 4511 yse
1770 4426 2050 4508 prdnam
2094 4425 2526 4509 brahm'opdsate
