3325 5200
1389 591 1467 648 69

375 803 474 866 De
511 800 627 864 Ida
663 801 795 865 vid.
832 801 1089 866 Wilson
1130 802 1528 884 Vishnupur.
1566 821 1715 885 pag.
1744 803 1891 881 349,
1933 806 1998 866 et
2033 802 2128 866 ibi
2167 821 2322 866 ann.
2350 803 2410 866 5.
2433 804 2532 868 De

286 927 475 990 euius
532 945 849 1009 personae
910 927 1243 1008 mythieae
1302 927 1774 1010 significatione
1833 932 1900 991 et
1943 945 2114 1009 quae
2159 927 2237 991 de
2283 947 2362 992 ea
2405 933 2532 992 tra·

286 1052 531 1147 dantur*
571 1052 834 1116 fabulae
877 1052 1179 1135 pluribus
1223 1054 1330 1117 hie
1376 1073 1567 1136 agere
1612 1073 1750 1118 non
1789 1054 2028 1119 attinet
2037 1080 2056 1132 ;
2094 1055 2220 1120 hoe
2255 1060 2531 1134 constat,

288 1177 402 1241 idd
441 1178 549 1260 (z
576 1177 736 1262 iscla‘)
786 1183 851 1242 et
898 1184 1207 1262 cognatas
1252 1179 1495 1279 formas
1539 1177 1633 1242 ish
1678 1184 1744 1243 et
1786 1177 1890 1242 ira*
1923 1179 2148 1244 vediee
2193 1178 2533 1262 designare

287 1305 519 1382 „vitae
561 1316 815 1382 sucum,
855 1305 1079 1369 eibum
1119 1305 1328 1368 vitam
1363 1307 1840 1369 sustentantem
1874 1303 2272 1370 foventem.”
2303 1304 2534 1388 Neque

287 1449 436 1494 raro
484 1429 599 1493 {dd
635 1431 709 1492 in
754 1450 996 1495 nomen
1043 1432 1243 1495 vertit
1286 1450 1543 1509 vaceae,
1595 1431 1736 1495 sive
1780 1430 1940 1513 quia
1977 1449 2180 1496 vaeea
2215 1431 2394 1496 Indis
2438 1436 2534 1495 est

288 1555 453 1619 lueis
496 1557 739 1639 imagO,
786 1557 926 1620 sive
972 1557 1228 1638 generis
1274 1556 1553 1620 humani
1590 1556 1892 1621 altricem
1932 1557 2053 1620 hae
2091 1556 2533 1640 appellatione

234 1703 239 1708 ·
288 1682 794 1766 designaverint.
842 1683 1078 1746 Merito
1129 1687 1299 1746 eerte
1322 1677 1460 1764 'per
1504 1701 1734 1746 vocem
1774 1681 1888 1746 Ida
1924 1683 2359 1765 compellatur
2396 1702 2534 1745 ma-

289 1815 407 1889 ter,
454 1808 723 1872 infantis
768 1809 871 1872 sui
917 1808 1164 1887 nutriit,
1212 1807 1397 1873 cibus
1428 1807 1590 1890 ipsa.
1630 1844 1719 1854 -
1755 1807 1834 1870 In
1873 1827 2033 1872 voee
2069 1804 2342 1872 vtravatv‘l
2371 1807 2536 1872 levis

288 1937 457 1999 inest
504 1935 901 2019 ambiguitas
912 1961 930 2014 3
978 1939 1043 1998 et
1087 1933 1380 2013 „marito
1426 1932 1773 2017 praedita”
1819 1938 1884 1998 et
1929 1933 2138 2013 „filiis
2186 1931 2534 2017 praedita’'

288 2063 381 2127 sie
425 2037 637 2146 potest
680 2062 1018 2144 appellari.

386 2191 445 2254 8.
492 2187 648 2253 atad
682 2187 839 2272 ’syai
888 2186 961 2251 (a)
1012 2185 1380 2251 dakslcinam
1426 2192 1678 2249 stanam
1710 2184 2092 2270 pralcslm‘lya
2121 2184 2537 2270 prayaeebati‚

289 2363 330 2394 „
346 2314 535 2378 imam
579 2321 812 2378 stanam
824 2313 864 2344 '’
910 2313 987 2377 iti
1029 2335 1192 2398 „yae
1234 2318 1291 2376 te
1332 2311 1565 2376 θέσφαθ’
1614 2311 1704 2397 ity
1747 2318 2016 2376 uttaram
2057 2308 2358 2395 etdbhydnz

355 2440 428 2505 (a)
464 2435 513 2489 A
554 2437 839 2504 arthasyai.

376 2546 421 2610 i.
469 2564 524 2609 e.
583 2549 781 2623 „tum
829 2544 971 2607 eius
1019 2562 1385 2607 mammam
1435 2543 1734 2608 dextram
1783 2535 2132 2627 postquam
2178 2543 2365 2623 lavit,
2410 2542 2534 2627 [in-

289 2664 483 2755 fanti]
546 2673 752 2750 offert,
814 2674 937 2737 hoe
997 2691 1187 2735 versu
1242 2671 1485 2750 „imam
1545 2670 1834 2734 stanam”
1877 2690 2015 2753 sqq.
2067 2669 2172 2753 (V.
2202 2670 2266 2735 S.
2296 2669 2398 2747 17,
2425 2669 2532 2755 87)

291 2818 485 2863 versu
520 2821 680 2883 „yae
718 2806 774 2862 te
810 2798 1040 2863 damst
1074 2819 1213 2882 sqq.
1258 2798 1445 2882 (Rgv.
1470 2799 1521 2877 I,
1551 2800 1698 2877 164,
1727 2797 2188 2883 49)1aevam.”
2216 2795 2263 2882 1)
2291 2798 2534 2861 Totum

293 2928 651 3008 utrumque
712 2944 976 2989 versum
1022 2924 1289 2989 exhibet
1335 2924 1479 2988 Ssk.
1526 2924 1772 2990 Paddh.
1820 2925 2011 2988 Prior
2055 2923 2145 2988 sie
2191 2942 2259 2986 se
2305 2923 2534 2987 habet:

622 3096 639 3117 .
733 3048 921 3113 imam
958 3056 1197 3113 stanam
1236 3048 1653 3133 drjasvantam
1691 3049 1897 3133 dhayd
1923 3048 2092 3132 ’pa‘m

814 3175 1131 3259 prapffinam
1166 3178 1331 3259 Aque
1374 3175 1683 3261 sarira-synt
1728 3178 1971 3261 makoe

731 3310 939 3367 ntsam
983 3303 1282 3386 jushasva
1316 3304 1818 3367 -madhumantam
1863 3309 2083 3367 arvanb

818 3428 1231 3513 samudriyam
1278 3432 1567 3493 &adanam
1619 3430 1668 3493 a‘
1702 3429 1938 3511 vipasca

362 3748 405 3813 ¹)
440 3746 565 3812 Resj
590 3745 729 3800 haud
774 3747 905 3802 satis
950 3746 1125 3801 verbis
1168 3751 1403 3817 aequata.
1449 3747 1770 3803 Ineuriosius
1809 3747 2060 3817 scriptum
2101 3748 2305 3799 astrum
2336 3742 2536 3797 duabus

294 3837 437 3890 favet
471 3837 995 3906 interpretationibus
1029 3841 1268 3893 neutram
1302 3838 1505 3908 probat.
1542 3838 1653 3893 Aut
1685 3838 1826 3893 enim
1859 3854 1944 3892 res
1977 3838 2056 3891 ita
2076 3835 2293 3907 proponi
2313 3834 2536 3898 videtur,

295 3929 356 3980 ut
389 3926 591 3982 duobus
626 3928 863 3983 versibus
897 3928 1131 3983 dextram
1162 3931 1311 3995 pater
1339 3930 1481 3983 lavet
1508 3946 1806 3994 mammam,
1824 3928 2009 3983 deinde
2026 3928 2227 3981 laevam
2243 3924 2446 4007 iisdem.
2465 3924 2538 3978 At

295 4033 390 4086 pro
428 4026 657 4071 uttam-am
692 4021 961 4088 etcibkycim
994 4023 1320 4088 exspectares
1350 4021 1589 4089 tdbhydm
1617 4038 1711 4075 eva
1753 4020 1857 4085 (vel
1878 4020 2147 4089 etdbhydm
2176 4036 2288 4082 eva,
2303 4018 2542 4086 2c‘tbhydm

294 4125 388 4161 eva
407 4110 1129 4179 ‚uttaramfiquemadmodum
1154 4104 1322 4179 Kpast
1368 4128 1511 4182 pray.
1532 4127 1777 4165 versuum
1799 4110 2170 4180 repetitionem
2193 4106 2537 4162 declaravisse

293 4199 499 4256 videbis
551 4200 703 4265 infra,
739 4204 875 4271 (pag.
919 4205 1024 4269 73).
1074 4202 1185 4257 Aut
1235 4203 1405 4272 priore
1438 4219 1593 4257 versu
1630 4203 1828 4267 dextra,
1878 4206 1994 4256 tum
2043 4202 2192 4257 laeva
2237 4201 2406 4255 altero
2438 4204 2539 4269 :est

291 4290 525 4344 lavanda.
559 4292 634 4345 At
666 4292 898 4347 abundat
933 4294 1215 4362 etdbhycim.
1254 4294 1401 4347 Hane
1436 4297 1614 4347 tamen
1649 4296 1861 4349 secutus
1893 4310 2009 4346 sum
2031 4292 2538 4361 interpretationem,
2607 4278 2616 4287 ”

293 4382 482 4451 quippe
509 4399 665 4452 quam
695 4382 941 4438 defendat
971 4384 1082 4437 Ssk.
1110 4384 1308 4439 Paddh.
1334 4385 1587 4454 expressis
1610 4384 1784 4439 verbis
1809 4383 2018 4439 dextrae
2046 4400 2299 4437 mammae
2317 4383 2542 4452 priorem

292 4473 533 4528 tribuens
575 4490 797 4540 versum,
832 4474 1056 4529 alterum
1091 4476 1281 4529 laevae.
1376 4514 1386 4527 .
