3325 5200
12 2765 17 2774 -
9 2572 17 2747 nanu-:⁴1⁴
9 2429 17 2557 .ε-ι-.“-
9 2311 17 2405 ι’-κ-
9 2250 17 2297 n

58 2349 67 2352 ι

9 2977 20 3397 ’ἔτ--ο-ὼο-α--ωε-ε-
12 2923 19 2962 -
12 2871 19 2908 --
9 2804 17 2850 --

9 3572 17 3600 -ν

1653 608 1776 668 105

592 787 931 883 mittelbar
976 814 1144 882 nach
1192 819 1307 882 der
1350 819 1556 882 Taufe
1602 819 2102 902 angewendet”.
2154 818 2346 900 Quod
2389 821 2538 884 luce
2591 821 2831 884 clarius

590 951 770 1028 patet
828 950 863 1009 0
916 946 1075 1009 10013
1134 947 1219 1010 ab
1264 946 1491 1010 eodem
1540 947 1842 1024 laudatiS,
1891 946 2166 1010 Tertull.
2214 947 2292 1010 de
2337 967 2468 1011 cor.
2517 948 2658 1010 mil.
2708 948 2830 1029 (ed.

591 1073 775 1135 Paris
818 1048 1017 1147 1566ss
1052 1073 1110 1134 8.
1148 1073 1213 1150 l,
1268 1073 1440 1155 744),
1505 1071 1775 1136 Hieron.
1839 1045 2068 1136 contra
2123 1073 2328 1136 Lucif.
2377 1093 2516 1156 cap.
2567 1075 2635 1151 43
2683 1075 2829 1137 Joh.

591 1199 923 1261 Diaconus
980 1199 1049 1259 in
1114 1197 1433 1261 Mabillon
1495 1217 1662 1260 mus,
1720 1198 1840 1259 ital
1864 1197 1914 1274 Ι,
1943 1200 2000 1274 2,
2027 1217 2170 1280 pag.
2203 1198 2313 1260 69:
2361 1199 2512 1274 „lac
2567 1217 2718 1280 ergo
2767 1203 2831 1261 01

592 1326 705 1386 mel
745 1329 1059 1406 potantur
1102 1325 1261 1388 novi
1300 1324 1674 1387 homines”.
1720 1325 1936 1406 Atque
1977 1292 2248 1388 Hieron.
2286 1326 2359 1386 in
2397 1325 2697 1403 Iesaiam,
2725 1325 2828 1403 55,
2867 1334 2872 1339 '

508 1434 515 1440 ’
597 1451 628 1511 1
660 1451 780 1513 ait:
844 1449 1001 1527 „lac
1062 1450 1382 1532 significat
1442 1451 1892 1513 innocentiam
1949 1451 2400 1532 parvulorum,
2447 1451 2565 1532 qui
2610 1469 2831 1514 mosae

592 1581 787 1658 typus
830 1577 899 1638 in
940 1573 1401 1640 Occidentibus
1441 1575 1630 1639 hodie
1664 1593 1869 1657 usque
1896 1576 2124 1659 [igitur
2146 1575 2362 1639 seculo
2385 1580 2618 1658 quarto
2644 1594 2703 1639 a.
2730 1575 2849 1659 n.].

594 1705 908 1779 servatur,
956 1705 1028 1763 ut
1072 1702 1316 1763 renatis
1358 1702 1432 1790 in
1478 1699 1737 1765 Christo
1786 1702 2019 1764 vinum
2067 1702 2300 1783 lacque
2347 1695 2740 1765 tribuatur.”

682 1809 873 1889 Unde
937 1827 1112 1890 hunc
1182 1847 1434 1890 morem
1498 1827 1860 1890 derivarint
1929 1825 2290 1891 Christiani
2359 1828 2830 1910 quaerendum.

594 1952 810 2017 Obvia
870 1958 965 2016 est
1025 1954 1401 2018 coniectura
1462 1954 1663 2016 etiam
1725 1954 1897 2036 apud
1955 1954 2230 2017 Iudaeos
2282 1954 2458 2017 haud
2503 1953 2828 2035 disparem

594 2079 913 2142 exstitisse
959 2079 1185 2157 ritum,
1234 2084 1350 2142 aut
1396 2080 1627 2143 saltem
1670 2079 1902 2142 tritum
1942 2080 2118 2142 vitae
2163 2099 2298 2143 esse
2343 2079 2722 2160 symbolum
2749 2079 2832 2141 iis

592 2205 696 2267 lac
757 2211 820 2268 et
882 2204 1031 2268 mel.
1095 2205 1267 2268 Illud
1316 2224 1782 2288 consequerere
1841 2225 1875 2268 e
1921 2205 2152 2298 verbis
2199 2204 2591 2286 Hieronymi
2641 2204 2832 2268 modo

596 2329 875 2394 laudatis
921 2349 1197 2407 „mosae
1243 2330 1509 2412 typus”,
1556 2332 1611 2392 si
1659 2330 1853 2394 modo
1902 2331 2052 2393 talis
2097 2331 2264 2393 ritus
2302 2331 2577 2413 vestigia
2614 2349 2834 2412 super·

596 2459 825 2532 essent,
868 2456 978 2522 sed
1016 2475 1229 2536 neque
1276 2455 1466 2519 hodie
1508 2476 1633 2534 11311
1674 2457 1857 2519 venit
1901 2461 1966 2520 et
2012 2456 2162 2534 viri,
2200 2457 2366 2519 ritus
2408 2456 2691 2519 iudaeici
2728 2475 2831 2538 pe-

596 2580 732 2658 riti,
792 2600 957 2663 quos
1011 2581 1331 2659 consului,
1396 2581 1535 2645 eius
1590 2582 1979 2646 memoriam
2029 2602 2162 2646 esse
2209 2586 2474 2665 negant.
2523 2581 2611 2644 At
2656 2581 2834 2645 vitae

596 2678 973 2788 symbolum
1036 2726 1170 2770 esse
1230 2708 1332 2770 lac
1394 2713 1458 2770 et
1520 2708 1651 2770 mel
1714 2707 2314 2771 verosimillimum.
2382 2708 2548 2769 Prae
2605 2707 2835 2770 ceteris

596 2833 765 2896 ratio
826 2839 921 2896 est
967 2833 1268 2895 habenda
1312 2833 1565 2895 ‚Iesaiae
1592 2820 1754 2909 VII,
1797 2834 1900 2895 14„
1941 2834 2187 2896 Exorto
2232 2832 2398 2896 bello
2439 2852 2588 2895 cum
2638 2832 2832 2914 Syria

598 2964 661 3021 01
737 2949 997 3035 Israele,
1074 2964 1148 3021 111
1220 2976 1525 3040 angorem
1594 2958 1804 3020 animi
1863 2959 2034 3040 regis
2092 2956 2370 3021 Achazis
2428 2958 2704 3035 tolleret,
2766 2978 2832 3021 30

594 3084 811 3165 ipsum
849 3084 1005 3147 huic
1044 3061 1381 3146 nuntiasse
1416 3087 1661 3161 narrat,
1699 3084 1869 3146 nihil
1905 3084 2063 3146 mali
2100 3084 2184 3147 ab
2223 3084 2567 3147 invasione
2608 3084 2834 3147 hostili

597 3227 733 3270 esse
793 3208 1257 3285 metuendum3
1305 3209 1516 3271 securi
1564 3214 1728 3271 esset
1773 3209 2004 3293 animi,
2052 3228 2202 3271 cum
2253 3228 2370 3271 suo
2414 3209 2834 3272 incommodo

596 3352 846 3395 sacram
912 3334 1121 3397 ,Iudae
1184 3340 1446 3416 gentem
1512 3334 1772 3398 adortos
1833 3353 1970 3397 esse
2031 3335 2192 3397 duos
2237 3320 2436 3416 reges,
2485 3331 2693 3397 Cuius
2739 3334 2834 3397 rei

596 3462 669 3520 ut
725 3458 879 3520 fides
940 3459 1000 3521 ei
1056 3463 1422 3541 augeretur,
1493 3450 1747 3541 peteret
1807 3453 2069 3541 sign'um
2129 3459 2587 3541 quodcumque
2633 3458 2835 3521 vellet

594 3602 635 3644 a
696 3583 853 3645 Dec.
901 3582 1211 3645 Ferocius
1256 3589 1539 3667 negante
1584 3584 1721 3661 illo,
1776 3604 1843 3647 30
1891 3584 2020 3648 tale
2065 3584 2224 3665 quid
2266 3584 2628 3666 petiturum
2677 3602 2829 3659 esse,

594 3709 1011 3773 contumacia
1056 3707 1467 3791 exprobrata,
1518 3711 1617 3772 his
1662 3710 2009 3791 respondet
2054 3716 2264 3773 vates:
2312 3716 2434 3785 „at
2462 3711 2656 3772 'Deus
2709 3710 2830 3791 sig-

595 3853 755 3895 num
824 3833 943 3896 tibi
1004 3833 1215 3897 dabit:
1278 3855 1425 3899 ecce
1480 3836 1661 3918 virgo
1725 3841 1820 3899 est
1879 3836 2170 3918 gravida,
2231 3840 2294 3898 et
2339 3835 2552 3917 pariet
2595 3834 2829 3912 filium,

596 3978 969 4041 nomenque
1032 3961 1173 4023 eius
1230 3962 1355 4024 erit
1416 3960 1836 4024 ’ImmanueL
1922 3962 2218 4045 Butyrum
2277 3960 2522 4023 comedet
2596 3965 2654 4020 et
2722 3959 2836 4021 mel

598 4085 801 4147 donec
837 4086 997 4149 sciat
1035 4106 1335 4150 recusare
1376 4088 1627 4150 malum
1671 4092 1736 4151 et
1779 4093 2083 4170 appetere
2129 4089 2400 4150 bonum.
2437 4082 2829 4167 Priusquam

595 4210 650 4271 is
693 4211 1005 4291 puerulus
1052 4214 1213 4275 sciat
1260 4232 1560 4276 recusare
1605 4214 1859 4275 malum
1909 4220 1971 4275 et
2019 4218 2321 4294 appetere
2364 4212 2613 4273 bonum
2674 4210 2832 4272 haec

596 4340 789 4412 terra,
828 4336 906 4399 de
944 4354 1077 4417 qua
1123 4338 1318 4415 (10103,
1363 4340 1647 4421 profecto
1695 4339 1904 4402 libera
1949 4336 2072 4401 erit
2117 4356 2159 4399 a
2205 4338 2458 4400 duobus
2503 4334 2831 4419 regibUS.’'
2896 4338 2902 4343 ’

596 4458 783 4539 Quae
830 4462 963 4523 alia
1008 4468 1203 4544 poeta
1244 4465 1343 4526 his
1380 4465 1864 4547 significaverit,
1906 4464 2208 4545 expedire
2249 4463 2382 4527 11.1.
2423 4482 2554 4525 non
2597 4461 2834 4527 attinet
