3325 5200
1310 579 1391 642 83

231 805 493 888 singula
530 802 733 865 verba
769 817 871 862 res
908 797 1232 874 adversaS,
1266 794 1445 857 mala
1466 793 1830 874 designant.
1853 827 1938 838 -—-
1964 789 2251 854 Carmen
2275 789 2470 874 quale

230 945 317 995 ‘ex
362 929 616 993 officina
653 924 1108 1007 theologorum
1145 922 1388 984 iterum
1416 919 1750 1000 prodierit,
1777 918 1913 979 iam
1941 917 2238 980 versione
2260 917 2471 980 latina

232 1054 703 1119 indicabimus:
766 1049 1074 1128 „Iniuria
1120 1051 1184 1111 te
1228 1045 1437 1109 libero
1488 1044 1883 1128 [daemonis]
1931 1045 2227 1108 Kshetris
2275 1043 2472 1128 [iniu-

178 1255 182 1260 ,
234 1183 337 1244 ria
380 1175 747 1259 daemonis]
798 1175 1037 1238 Nirrtis
1077 1176 1141 1236 te
1180 1172 1409 1249 libero,
1451 1168 1718 1235 vinculo
1755 1170 2008 1234 Varuni
2051 1171 2117 1252 (i.
2145 1191 2200 1234 e.
2239 1171 2472 1234 morbo

234 1302 651 1387 i‘oqavipeshdd
734 1299 998 1383 Schol.),
1080 1315 1321 1380 purum
1402 1301 1468 1359 te
1534 1295 1731 1360 reddo
1789 1295 1890 1370 ,ad
1959 1315 2100 1359 rem
2177 1295 2472 1358 divinam

240 1431 615 1513 (mamam.-
660 1425 1034 1508 parivrddya
1072 1421 1885 1506 fatalem-maffamkdraeya
1938 1421 2134 1505 seu).
2181 1399 2476 1502 Propitia

242 1555 429 1640 [sint]
490 1554 614 1617 tibi
676 1553 798 1616 hoc
858 1550 1115 1614 coelum
1178 1553 1500 1628 terraque,
1565 1546 1886 1628 propitius
1946 1545 2030 1607 sit
2089 1544 2295 1629 Agnis
2352 1545 2476 1609 tibi

238 1699 393 1745 cum
454 1679 662 1762 aquia
722 1675 1041 1760 propitius
1104 1671 1398 1757 [Somus]
1471 1691 1623 1735 cum
1672 1671 1908 1746 herine,
1955 1670 2277 1754 propitius
2324 1689 2474 1734 cum

240 1810 439 1870 vento
476 1805 561 1868 sit
597 1802 721 1866 tibi
760 1805 893 1864 acr.
935 1797 1117 1881 Quas
1154 1799 1341 1862 divas
1379 1803 1663 1880 quatuor
1693 1797 2010 1878 regioneS,
2036 1797 2219 1859 venti
2243 1815 2480 1859 uxores

242 1930 573 2014 adspectat
616 1927 733 2007 sol,
780 1927 883 1989 his
928 1931 990 1988 te
1035 1924 1239 2003 trad0,
1288 1928 1362 1987 ut
1408 1942 1613 1997 senex¹
1654 1923 1790 2000 fiae,
1838 1921 2031 2004 longe
2079 1923 2271 1985 abeat
2312 1940 2480 1985 mor-

239 2058 369 2122 ‘bus
411 2056 495 2118 ad
532 2055 793 2117 inferos.
831 2088 917 2098 —
958 2051 1225 2115 Solutus
1264 2055 1360 2113 est
1392 2048 1578 2112 letali
1617 2047 1907 2128 periculo
1943 2046 2228 2126 AvartiS,
2277 2047 2478 2110 etiam
2521 2040 2531 2056 ²

242 2180 581 2245 exsolutus
624 2177 875 2240 iniuria
919 2181 985 2239 et
1033 2175 1275 2238 Nirrtis
1314 2173 1578 2237 vinculo
1620 2176 1749 2236 cett
1765 2171 1828 2235 ''.
1871 2169 2058 2252 Quae
2097 2177 2481 2254 sequuntur,

244 2307 380 2370 fere
424 2303 597 2367 nihil
640 2303 898 2366 diversa
942 2321 983 2364 a
1027 2301 1351 2378 versione,
1394 2317 1597 2382 quam
1643 2299 1839 2361 modo
1887 2298 1967 2360 A.
1993 2299 2075 2362 V.
2100 2296 2184 2378 ΙΙ,
2215 2299 2293 2361 10
2340 2320 2484 2383 pro-

246 2430 544 2510 tulimuS,
604 2429 735 2492 nisi
793 2428 972 2510 quod
1014 2445 1131 2508 pro
1174 2426 1470 2508 personis
1512 2424 1813 2489 secundis
1859 2426 2092 2489 tertiae
2137 2426 2210 2488 in
2253 2417 2483 2510 Xpast.

248 2557 627 2621 recensione
687 2559 839 2619 sunt
898 2552 1230 2637 legendae.
1293 2552 1424 2630 „Id
1483 2570 1752 2617 carmen
1801 2552 1957 2616 dum
2003 2553 2235 2618 recitat
2277 2560 2484 2639 pater,

250 2687 486 2747 natum
523 2680 811 2745 lavato”.
2163 2755 2168 2760 ,

340 2808 581 2873 Totum
610 2799 627 2811 ⁶
650 2807 827 2870 hunc
890 2806 1115 2870 locum
1182 2805 1263 2868 de
1330 2804 1764 2868 daemonibus
1831 2805 2148 2869 curiosius
2208 2810 2488 2870 tractare

251 2935 325 2997 in
394 2932 578 2996 aliud
645 2932 898 2995 invitus
952 2930 1177 2994 distuli
1236 2936 1497 3011 tempus
1568 2930 1665 2992 uti
1734 2931 1870 2993 iam
1939 2950 2135 3013 supra
2191 2950 2339 3015 pag.
2409 2932 2536 2994 72·

254 3057 619 3122 enuntiavi.
690 3056 1001 3121 Ceterum
1048 3056 1229 3120 vides
1270 3056 1342 3118 in
1389 3074 1582 3133 nova,
1631 3073 1836 3137 quam
1883 3056 2242 3120 induerunt
2289 3063 2487 3137 veste,

255 3184 413 3247 satis
448 3201 635 3267 posse
674 3182 969 3265 intellegi
1004 3184 1235 3265 poetae
1280 3182 1501 3259 verba,
1548 3181 1872 3243 nimirum
1908 3201 1992 3245 ex
2029 3170 2354 3245 sententia
2387 3203 2490 3247 eo-

254 3326 427 3387 rum,
488 3308 606 3389 qui
650 3306 905 3371 scholas
939 3296 1336 3389 Xpastambi
1382 3313 1748 3391 sequuntur
1792 3314 1856 3371 et
1899 3308 2355 3391 Baudhayani.
2402 3348 2490 3357 —

256 3433 433 3511 Nam
494 3439 559 3497 et
616 3432 1081 3514 Baudhayanis
1146 3434 1521 3498 ceremonia
1588 3439 1814 3497 nostra
1881 3436 2277 3499 communis,
2344 3436 2493 3518 Ipsa

256 3561 461 3625 verba
516 3558 1363 3642 Baudhayanagrhyasfitri,
1410 3578 1580 3641 quae
1626 3578 1774 3623 eam
1820 3561 2252 3643 praecipiunt,
2305 3562 2495 3625 nobis

258 3686 547 3750 servavit
608 3688 1088 3749 commentator
1146 3684 1347 3749 Taitt.
1408 3684 1678 3747 Brahm.
1736 3705 1880 3768 pag.
1946 3686 2071 3747 628
2116 3686 2189 3748 in
2233 3688 2345 3751 fin.
2394 3686 2492 3751 ed.

262 3810 574 3875 Calcutt.:
609 3809 991 3894 „keketriyai
1028 3809 1677 3893 tvetyddimantrdndm
1695 3805 2124 3893 jcftalcarmanz‘
2153 3809 2494 3895 vi-niyoqam
2565 3832 2568 3837 ·

262 3934 682 4018 Baudlcdyana
738 3935 856 3997 dha
913 3934 1233 3997 athainam
1296 3933 1617 4019 sndpayati
1677 3934 2004 4019 kshelriyai
2071 3934 2180 3999 tvcz‘
2235 3936 2498 4019 nirrtyai

263 4059 410 4123 iveti
456 4056 530 4144 1).
596 4060 793 4123 Sutra
843 4078 977 4123 non
1024 4061 1330 4125 nominat
1372 4060 1662 4143 quidem,
1713 4081 1794 4124 ex
1836 4061 1980 4125 loco
2029 4060 2295 4125 laudato
2341 4080 2497 4144 quo-

263 4184 615 4249 dammodo
652 4184 1001 4267 pellucent.
1040 4222 1128 4233 —
1164 4184 1505 4250 Nonnulla
1542 4187 1708 4251 bene
1744 4186 2070 4270 quadrant
2081 4212 2098 4264 3
2139 4191 2286 4270 apte
2325 4207 2497 4251 com-

182 4543 217 4553 ..
274 4456 281 4465 ’
333 4468 374 4533 ¹)
408 4466 649 4535 Namque
683 4482 856 4521 errore
890 4467 1023 4536 preli
1054 4468 1253 4522 factum
1288 4470 1385 4534 est,
1421 4470 1482 4523 ut
1517 4466 1718 4523 editum
1751 4468 2012 4539 legamus:
2047 4462 2274 4539 nirrtyai
2307 4469 2417 4523 veti.
