3325 5200
1385 588 1466 672 55

309 800 660 884 illustrent.
721 799 891 862 Sunt
949 800 1137 862 haec:
1191 806 1316 862 tato
1359 797 1873 863 viskamama‘nena
1917 796 2399 880 madhmarpiskff
2436 797 2541 860 mi-

171 945 182 951 ·
308 923 577 1009 fflkrtya
635 924 880 1005 pildtale
935 924 1250 1008 nikshipya
1317 930 1484 988 tato-a
1549 944 1887 988 suvarnam
1955 922 2379 1006 rajovimokam
2432 924 2539 1008 yd-

307 1053 430 1115 vad
463 1051 834 1135 avayhrshya
878 1051 1126 1135 bhcfjane
1170 1050 1431 1134 nidka‘ya
1478 1098 1518 1128 „
1533 1071 1620 1112 om
1652 1071 1776 1130 pra
1824 1055 1905 1112 ἰεῦ
1953 1055 2267 1113 mantrena
2305 1048 2542 1112 tenaiva

307 1177 642 1262 kiranyena
709 1177 1038 1241 kumci'ram'
1072 1176 1475 1260 pdyayitvd’ffi
1535 1177 1723 1243 Addo
1808 1183 1873 1242 et
1941 1165 2188 1260 Kryav.
2234 1199 2381 1263 pag.
2426 1180 2539 1243 99:

309 1300 790 1385 madhvwarpiski
854 1302 1095 1383 pildtale
1167 1297 1482 1388 niksltv'pya'
1555 1310 1723 1369 (atra
1790 1325 2124 1388 surarnam
2190 1304 2570 1400 ydvadrajffi·

308 1427 602 1492 vimokam
653 1427 1090 1511 ykarelcayr'tm‘
1138 1429 1376 1493 tenaira
1433 1446 1775 1494 suvarnena
1832 1429 2538 1515 wz·amarajm·imiqram

250 1605 255 1611 .
308 1545 863 1637 madhusarpisbam
917 1554 1526 1638 yrhyoktamantrena
1587 1555 1900 1620 lemna-am
1962 1556 2236 1638 pafycqqet.
2292 1557 2394 1619 Ex
2442 1556 2543 1620 his

309 1680 520 1744 tribus
579 1680 740 1744 locis
795 1684 993 1763 patet,
1054 1682 1493 1745 ceremoniam
1544 1682 1686 1745 fieri
1731 1681 1803 1744 in
1848 1681 2025 1746 hunc
2072 1681 2372 1745 modum:
2410 1680 2543 1746 Mel

309 1809 374 1870 et
416 1806 732 1887 butyrum
782 1805 1207 1888 liquefactum
1262 1805 1455 1888 (quae
1500 1825 1581 1869 ex
1625 1824 1840 1889 aequa
1882 1810 2066 1888 parte
2112 1825 2369 1869 sumere
2405 1825 2542 1870 non

305 1932 481 1995 licet·
518 1931 878 1995 secundum
939 1932 1134 2012 Pray.
1195 1931 1421 2014 Ratn.)
1484 1933 1865 1996 commiscet
1920 1937 2124 2014 pater,
2184 1913 2544 1995 commixta

308 2056 380 2119 in
423 2055 707 2138 lapidem
759 2053 1047 2119 infundit
1057 2081 1076 2134 ;
1121 2057 1217 2119 ibi
1262 2076 1497 2120 aurum
1548 2057 1799 2121 deradit
1843 2075 2049 2140 usque
2096 2076 2193 2134 eo,
2234 2076 2363 2140 quo
2399 2056 2543 2142 pul-

313 2182 597 2245 visculos
635 2182 876 2246 mittat.
918 2169 1065 2244 'Tali
1108 2173 1302 2246 modo
1339 2183 1672 2265 permixta
1707 2182 1862 2261 mel,
1904 2183 2241 2264 butyrum,
2268 2183 2545 2268 aurique

306 2307 709 2390 pulvisculos
767 2306 992 2371 eodem
1046 2307 1162 2372 illo
1217 2327 1398 2386 auro,
1451 2307 1630 2391 quod
1678 2307 1871 2372 modo
1911 2307 2169 2385 dei-nsit,
2208 2307 2544 2372 cochleare

307 2437 518 2510 utenS,
557 2432 642 2494 ad
681 2452 751 2497 os
796 2433 981 2515 pueri
1040 2433 1366 2497 admovet.
1421 2433 1502 2496 In
1554 2420 1753 2514 Pray.
1807 2433 2006 2497 Ratn.
2047 2433 2221 2511 hunc
2258 2451 2542 2498 ceremo-

259 2531 266 2538 ’
305 2557 456 2621 niae
493 2557 690 2621 finem
735 2559 1129 2622 antecedunt
1164 2559 1366 2623 verba
1397 2557 1645 2642 blusyane
1681 2557 1961 2643 nidkdya,
1986 2558 2031 2622 i.
2058 2577 2113 2623 e.
2140 2563 2540 2643 „postquam

304 2683 377 2745 in
435 2702 590 2777 ¹vase
643 2684 1080 2766 deposuerit”,
1122 2684 1362 2767 quibus
1406 2685 1693 2769 praecipi
1729 2685 2008 2763 videtur,
2047 2686 2233 2750 cibus
2269 2705 2353 2749 ne
2390 2704 2539 2750 con·

202 2828 208 2835 ·
305 2808 492 2873 tinuo
552 2808 630 2872 de
687 2809 902 2892 lapide
956 2809 1028 2872 in
1073 2830 1313 2874 aurum
1360 2811 1872 2897 transfundatur,
1920 2830 2153 2875 verum
2201 2811 2279 2875 de
2322 2811 2539 2896 lapide
2573 2890 2583 2900 .

302 2934 382 2996 in.
444 2953 579 3011 vas,
641 2955 678 2997 e
737 2906 894 2999 vase
951 2935 1192 2999 iterum
1252 2936 1324 2998 in
1385 2955 1646 3019 aurum.
1707 2972 1795 2984 —-·
1855 2937 1933 3000 In
2001 2936 2315 3001 carminis
2377 2937 2539 3021 pede

304 3061 496 3124 tertio
541 3059 638 3142 (ut
676 3080 829 3124 cum
869 3061 1344 3144 Indis-loquar)
1385 3061 1553 3125 duae
1591 3062 1824 3124 desunt
1859 3061 2173 3143 syllabae,
2199 3060 2541 3144 expleatur

303 3206 528 3250 versus
574 3187 760 3249 bbava
810 3186 1042 3271 (‚‚sis”)
1092 3187 1199 3278 yel
1245 3187 1462 3251 simile
1507 3187 1669 3269 quid
1714 3188 2077 3252 inserend0.
2124 3187 2325 3252 Recte
2371 3187 2538 3253 mihi

302 3311 458 3374 Lex.
503 3311 642 3374 Pet.
689 3311 911 3375 fecisse
957 3311 1236 3400 videtur,
1283 3313 1484 3374 cedam
1523 3312 1584 3375 h.
1626 3312 1673 3375 1.
1711 3312 1780 3374 vi
1816 3289 2221 3389 „thesauri”
2248 3312 2534 3396 positum

303 3455 438 3499 esse
499 3440 887 3515 autumans3
936 3435 1229 3499 Stenzler
1280 3436 1480 3500 vertit
1511 3434 2115 3515 '„Wissenschast”,
2160 3435 2336 3519 quod
2377 3454 2535 3519 quoq

303 3560 496 3623 niodo
523 3547 847 3623 defendat
891 3579 1008 3642 ego
1053 3579 1188 3623 non
1228 3560 1438 3623 vide0.
1479 3560 1645 3624 Gen.
1686 3560 1975 3623 madhuno
2005 3560 2297 3645 ykrtasya
2332 3560 2536 3623 deter-

303 3683 724 3763 minativum,
765 3689 840 3747 ut
875 3684 1086 3762 aiunt,
1122 3688 1302 3767 put0,
1343 3702 1626 3767 eumque
1661 3684 1789 3747 dici
1813 3684 2215 3762 thesaurum,
2247 3684 2362 3767 qui
2387 3704 2537 3749 con·

299 3812 427 3872 stat
469 3810 664 3873 melle
711 3814 777 3872 et
811 3810 1072 3891 butyro,
1105 3828 1190 3873 sc.
1227 3810 1463 3872 lucem.
1499 3808 1702 3871 Plura
1734 3809 1812 3872 de
1844 3808 2315 3891 significatione
2340 3810 2535 3877 liuius
2662 3816 2671 3825 ’

296 3954 523 3999 versus
556 3936 626 3997 in
664 3936 875 4018 capite
911 3941 1146 4019 quarto
1183 3932 1477 4018 opusculi
1502 3932 1707 3997 nostri
1731 3952 1847 3996 suo
1873 3932 2015 3997 loco
2034 3927 2533 4018 disputabimus.

382 4061 636 4125 Haecce
683 4061 847 4124 sacri
897 4061 1029 4123 cibi
1076 4060 1316 4122 infusio
1364 4027 1739 4123 ceremonia
1783 4062 1879 4121 est
1914 4060 2213 4142 princeps
2254 4059 2533 4143 (22er-

297 4184 632 4267 waharma),
674 4184 1086 4266 eundemque
1125 4184 1194 4246 in
1232 4183 1538 4247 omnibus
1569 4182 1807 4247 scholis
1838 4184 2091 4248 obtinet
2114 4183 2355 4261 locum,
2380 4184 2535 4251 licet

297 4310 640 4374 nonnulla.
681 4312 812 4373 sint
873 4310 1078 4374 varia.
1139 4310 1282 4374 Hoc
1340 4310 1436 4373 ita
1494 4315 1590 4373 est
1646 4276 1901 4372 verum·
1944 4317 2017 4374 ut
2074 4312 2252 4375 Man.
2316 4311 2399 4387 ΙΙ,
2450 4311 2531 4373 29

297 4439 608 4497 naturam
661 4433 1144 4517 jatakarmanis
1202 4433 1516 4497 definiens
1574 4432 1643 4496 id
1694 4433 1905 4498 faciat·
1934 4435 2034 4498 his
2086 4434 2325 4500 verbis:
2374 4456 2535 4499 man·
