<?xml version="1.0" encoding="UTF-8"?>
<!DOCTYPE html PUBLIC "-//W3C//DTD XHTML 1.0 Transitional//EN"
    "http://www.w3.org/TR/xhtml1/DTD/xhtml1-transitional.dtd">
<html xmlns="http://www.w3.org/1999/xhtml" xml:lang="en" lang="en">
 <head>
  <title>
</title>
<meta http-equiv="Content-Type" content="text/html;charset=utf-8" />
  <meta name='ocr-system' content='tesseract 3.04.00' />
  <meta name='ocr-capabilities' content='ocr_page ocr_carea ocr_par ocr_line ocrx_word'/>
</head>
<body>
  <div class='ocr_page' id='page_1' title='image "./specimenliterar00speygoog_0049.png"; bbox 0 0 3325 5200; ppageno 0'>
   <div class='ocr_carea' id='block_1_1' title="bbox 1345 635 1426 706">
    <p class='ocr_par' dir='ltr' id='par_1_1' title="bbox 1345 635 1426 706">
     <span class='ocr_line' id='line_1_1' title="bbox 1345 635 1426 706; baseline 0.012 -1"><span class='ocrx_word' id='word_1_1' title='bbox 1345 635 1426 706; x_wconf 73' lang='lat'>3?</span> 
     </span>
    </p>
   </div>
   <div class='ocr_carea' id='block_1_2' title="bbox 263 828 2585 2436">
    <p class='ocr_par' dir='ltr' id='par_1_2' title="bbox 263 828 2585 2061">
     <span class='ocr_line' id='line_1_2' title="bbox 263 828 2507 948; baseline 0.003 -34"><span class='ocrx_word' id='word_1_2' title='bbox 263 828 434 915; x_wconf 26' lang='lat' dir='ltr'>*titur</span> <span class='ocrx_word' id='word_1_3' title='bbox 489 853 790 948; x_wconf 79' lang='lat' dir='ltr'>varietaS,</span> <span class='ocrx_word' id='word_1_4' title='bbox 854 857 926 916; x_wconf 92' lang='lat' dir='ltr'>ut</span> <span class='ocrx_word' id='word_1_5' title='bbox 982 852 1087 917; x_wconf 88' lang='lat' dir='ltr'>vel</span> <span class='ocrx_word' id='word_1_6' title='bbox 1143 854 1526 918; x_wconf 88' lang='lat' dir='ltr'>tenuissimo</span> <span class='ocrx_word' id='word_1_7' title='bbox 1574 855 1660 919; x_wconf 90' lang='lat' dir='ltr'>ob</span> <span class='ocrx_word' id='word_1_8' title='bbox 1706 855 2050 936; x_wconf 87' lang='lat' dir='ltr'>penuriam</span> <span class='ocrx_word' id='word_1_9' title='bbox 2097 856 2192 918; x_wconf 88' lang='lat' dir='ltr'>rei</span> <span class='ocrx_word' id='word_1_10' title='bbox 2242 856 2507 920; x_wconf 86' lang='lat' dir='ltr'>divinae</span> 
     </span>
     <span class='ocr_line' id='line_1_3' title="bbox 270 977 2506 1061; baseline 0.001 -20"><span class='ocrx_word' id='word_1_11' title='bbox 270 979 602 1061; x_wconf 80' lang='lat' dir='ltr'>neglectae</span> <span class='ocrx_word' id='word_1_12' title='bbox 663 979 992 1042; x_wconf 83' lang='lat' dir='ltr'>excusatio</span> <span class='ocrx_word' id='word_1_13' title='bbox 1054 998 1190 1042; x_wconf 93' lang='lat' dir='ltr'>non</span> <span class='ocrx_word' id='word_1_14' title='bbox 1250 979 1353 1042; x_wconf 92' lang='lat' dir='ltr'>sit.</span> <span class='ocrx_word' id='word_1_15' title='bbox 1423 977 1523 1060; x_wconf 88' lang='lat' dir='ltr'>(cf.</span> <span class='ocrx_word' id='word_1_16' title='bbox 1589 980 1763 1043; x_wconf 78' lang='lat' dir='ltr'>Max,</span> <span class='ocrx_word' id='word_1_17' title='bbox 1825 980 2013 1043; x_wconf 85' lang='lat' dir='ltr'>Miill.</span> <span class='ocrx_word' id='word_1_18' title='bbox 2068 980 2237 1044; x_wconf 90' lang='lat' dir='ltr'>Hist.</span> <span class='ocrx_word' id='word_1_19' title='bbox 2288 981 2359 1043; x_wconf 89' lang='lat' dir='ltr'>of</span> <span class='ocrx_word' id='word_1_20' title='bbox 2396 982 2506 1044; x_wconf 87' lang='lat' dir='ltr'>the</span> 
     </span>
     <span class='ocr_line' id='line_1_4' title="bbox 272 1093 2506 1189; baseline 0.001 -25"><span class='ocrx_word' id='word_1_21' title='bbox 272 1103 434 1166; x_wconf 92' lang='lat' dir='ltr'>Anc.</span> <span class='ocrx_word' id='word_1_22' title='bbox 499 1105 752 1167; x_wconf 86' lang='lat' dir='ltr'>Sanscr.</span> <span class='ocrx_word' id='word_1_23' title='bbox 817 1105 942 1168; x_wconf 92' lang='lat' dir='ltr'>Lit.</span> <span class='ocrx_word' id='word_1_24' title='bbox 1004 1123 1150 1186; x_wconf 85' lang='lat' dir='ltr'>pag.</span> <span class='ocrx_word' id='word_1_25' title='bbox 1217 1103 1344 1164; x_wconf 64' lang='lat'>204</span> <span class='ocrx_word' id='word_1_26' title='bbox 1401 1123 1494 1185; x_wconf 92' lang='lat' dir='ltr'>sq.</span> <span class='ocrx_word' id='word_1_27' title='bbox 1543 1109 1607 1166; x_wconf 90' lang='lat' dir='ltr'>et</span> <span class='ocrx_word' id='word_1_28' title='bbox 1648 1093 1813 1189; x_wconf 64' lang='lat' dir='ltr'>Xcv.</span> <span class='ocrx_word' id='word_1_29' title='bbox 1863 1105 2067 1186; x_wconf 78' lang='lat' dir='ltr'>Grhy.</span> <span class='ocrx_word' id='word_1_30' title='bbox 2108 1107 2157 1183; x_wconf 99' lang='grc' dir='ltr'>Ι,</span> <span class='ocrx_word' id='word_1_31' title='bbox 2204 1107 2261 1184; x_wconf 91' lang='grc'>1,</span> <span class='ocrx_word' id='word_1_32' title='bbox 2305 1106 2471 1166; x_wconf 86' lang='lat'>3—5</span> <span class='ocrx_word' id='word_1_33' title='bbox 2488 1129 2506 1180; x_wconf 83' lang='lat'>3</span> 
     </span>
     <span class='ocr_line' id='line_1_5' title="bbox 273 1219 2504 1314; baseline 0.002 -23"><span class='ocrx_word' id='word_1_34' title='bbox 273 1230 354 1307; x_wconf 93' lang='grc' dir='ltr'>ΙΙ,</span> <span class='ocrx_word' id='word_1_35' title='bbox 403 1230 462 1307; x_wconf 76' lang='lat'>4,</span> <span class='ocrx_word' id='word_1_36' title='bbox 513 1231 747 1308; x_wconf 84' lang='lat'>6—11,</span> <span class='ocrx_word' id='word_1_37' title='bbox 802 1230 959 1293; x_wconf 74' lang='lat' dir='ltr'>Nar.</span> <span class='ocrx_word' id='word_1_38' title='bbox 1009 1231 1091 1292; x_wconf 87' lang='lat' dir='ltr'>ad</span> <span class='ocrx_word' id='word_1_39' title='bbox 1137 1219 1298 1312; x_wconf 68' lang='lat' dir='ltr'>Kcv.</span> <span class='ocrx_word' id='word_1_40' title='bbox 1344 1229 1459 1306; x_wconf 96' lang='grc' dir='ltr'>ΙΙΙ,</span> <span class='ocrx_word' id='word_1_41' title='bbox 1509 1232 1567 1307; x_wconf 77' lang='grc'>2,</span> <span class='ocrx_word' id='word_1_42' title='bbox 1615 1231 1646 1291; x_wconf 90' lang='grc'>1</span> <span class='ocrx_word' id='word_1_43' title='bbox 1691 1249 1837 1311; x_wconf 85' lang='lat' dir='ltr'>pag.</span> <span class='ocrx_word' id='word_1_44' title='bbox 1890 1229 2013 1292; x_wconf 87' lang='grc'>157</span> <span class='ocrx_word' id='word_1_45' title='bbox 2056 1230 2155 1294; x_wconf 90' lang='lat' dir='ltr'>ed.</span> <span class='ocrx_word' id='word_1_46' title='bbox 2196 1229 2504 1314; x_wconf 84' lang='lat' dir='ltr'>Calcutt.)</span> 
     </span>
     <span class='ocr_line' id='line_1_6' title="bbox 273 1333 2507 1450; baseline 0.001 -34"><span class='ocrx_word' id='word_1_47' title='bbox 273 1355 420 1432; x_wconf 90' lang='lat' dir='ltr'>Lac,</span> <span class='ocrx_word' id='word_1_48' title='bbox 453 1354 603 1431; x_wconf 91' lang='lat' dir='ltr'>mel,</span> <span class='ocrx_word' id='word_1_49' title='bbox 629 1355 946 1450; x_wconf 77' lang='lat' dir='ltr'><strong>butyrum</strong></span> <span class='ocrx_word' id='word_1_50' title='bbox 972 1355 1422 1436; x_wconf 85' lang='lat' dir='ltr'>liquefactum,</span> <span class='ocrx_word' id='word_1_51' title='bbox 1447 1355 1658 1436; x_wconf 84' lang='lat' dir='ltr'>fruges</span> <span class='ocrx_word' id='word_1_52' title='bbox 1684 1354 1979 1417; x_wconf 85' lang='lat' dir='ltr'>adhiberi</span> <span class='ocrx_word' id='word_1_53' title='bbox 2006 1355 2235 1434; x_wconf 91' lang='lat' dir='ltr'>solent,</span> <span class='ocrx_word' id='word_1_54' title='bbox 2260 1333 2507 1419; x_wconf 87' lang='lat' dir='ltr'>ditiori-</span> 
     </span>
     <span class='ocr_line' id='line_1_7' title="bbox 276 1479 2504 1545; baseline 0.001 -4"><span class='ocrx_word' id='word_1_55' title='bbox 276 1479 397 1541; x_wconf 85' lang='lat' dir='ltr'>bus</span> <span class='ocrx_word' id='word_1_56' title='bbox 438 1479 545 1541; x_wconf 87' lang='lat' dir='ltr'>vel</span> <span class='ocrx_word' id='word_1_57' title='bbox 593 1479 964 1542; x_wconf 88' lang='lat' dir='ltr'>volentibus</span> <span class='ocrx_word' id='word_1_58' title='bbox 1008 1480 1078 1540; x_wconf 94' lang='lat' dir='ltr'>in</span> <span class='ocrx_word' id='word_1_59' title='bbox 1119 1479 1459 1542; x_wconf 84' lang='lat' dir='ltr'>nonnullis</span> <span class='ocrx_word' id='word_1_60' title='bbox 1497 1479 1695 1542; x_wconf 87' lang='lat' dir='ltr'>sacris</span> <span class='ocrx_word' id='word_1_61' title='bbox 1734 1484 1797 1541; x_wconf 91' lang='lat' dir='ltr'>et</span> <span class='ocrx_word' id='word_1_62' title='bbox 1836 1479 2118 1542; x_wconf 84' lang='lat' dir='ltr'>hostiam</span> <span class='ocrx_word' id='word_1_63' title='bbox 2156 1480 2504 1545; x_wconf 90' lang='lat' dir='ltr'>immolare</span> 
     </span>
     <span class='ocr_line' id='line_1_8' title="bbox 274 1593 2585 1684; baseline 0.003 -20"><span class='ocrx_word' id='word_1_64' title='bbox 274 1601 447 1665; x_wconf 90' lang='lat' dir='ltr'>licet.</span> <span class='ocrx_word' id='word_1_65' title='bbox 495 1603 921 1666; x_wconf 80' lang='lat' dir='ltr'>Sacramenta</span> <span class='ocrx_word' id='word_1_66' title='bbox 966 1603 1326 1666; x_wconf 88' lang='lat' dir='ltr'>maioribus</span> <span class='ocrx_word' id='word_1_67' title='bbox 1362 1603 1694 1684; x_wconf 85' lang='lat' dir='ltr'>impensis,</span> <span class='ocrx_word' id='word_1_68' title='bbox 1735 1622 1934 1684; x_wconf 90' lang='lat' dir='ltr'>quam</span> <span class='ocrx_word' id='word_1_69' title='bbox 1979 1593 2194 1667; x_wconf 86' lang='lat' dir='ltr'>cetera</span> <span class='ocrx_word' id='word_1_70' title='bbox 2232 1607 2373 1668; x_wconf 89' lang='lat' dir='ltr'>fieri</span> <span class='ocrx_word' id='word_1_71' title='bbox 2412 1627 2507 1670; x_wconf 91' lang='lat' dir='ltr'>so·</span> <span class='ocrx_word' id='word_1_72' title='bbox 2582 1611 2585 1614; x_wconf 49' lang='lat'><strong>⁴</strong></span> 
     </span>
     <span class='ocr_line' id='line_1_9' title="bbox 273 1721 2505 1812; baseline 0.003 -24"><span class='ocrx_word' id='word_1_73' title='bbox 273 1721 426 1804; x_wconf 89' lang='lat' dir='ltr'>lere,</span> <span class='ocrx_word' id='word_1_74' title='bbox 486 1729 674 1792; x_wconf 89' lang='lat' dir='ltr'>facile</span> <span class='ocrx_word' id='word_1_75' title='bbox 735 1728 1159 1811; x_wconf 83' lang='lat' dir='ltr'>intellegitur.</span> <span class='ocrx_word' id='word_1_76' title='bbox 1220 1729 1470 1810; x_wconf 84' lang='lat' dir='ltr'>Partim</span> <span class='ocrx_word' id='word_1_77' title='bbox 1522 1729 1711 1792; x_wconf 92' lang='lat' dir='ltr'>solito</span> <span class='ocrx_word' id='word_1_78' title='bbox 1759 1729 2073 1792; x_wconf 89' lang='lat' dir='ltr'>sacrificio</span> <span class='ocrx_word' id='word_1_79' title='bbox 2119 1731 2505 1812; x_wconf 89' lang='lat' dir='ltr'>quotidiano</span> 
     </span>
     <span class='ocr_line' id='line_1_10' title="bbox 275 1854 2508 1938; baseline 0.002 -24"><span class='ocrx_word' id='word_1_80' title='bbox 275 1854 670 1932; x_wconf 88' lang='lat' dir='ltr'>inseruntur,</span> <span class='ocrx_word' id='word_1_81' title='bbox 717 1854 958 1935; x_wconf 90' lang='lat' dir='ltr'>partim</span> <span class='ocrx_word' id='word_1_82' title='bbox 1005 1873 1121 1936; x_wconf 90' lang='lat' dir='ltr'>per</span> <span class='ocrx_word' id='word_1_83' title='bbox 1165 1873 1230 1916; x_wconf 94' lang='lat' dir='ltr'>se</span> <span class='ocrx_word' id='word_1_84' title='bbox 1276 1855 1461 1930; x_wconf 91' lang='lat' dir='ltr'>fiunt,</span> <span class='ocrx_word' id='word_1_85' title='bbox 1509 1854 1901 1916; x_wconf 88' lang='lat' dir='ltr'>sacrificium</span> <span class='ocrx_word' id='word_1_86' title='bbox 1950 1874 2105 1918; x_wconf 88' lang='lat' dir='ltr'>vero</span> <span class='ocrx_word' id='word_1_87' title='bbox 2151 1855 2508 1938; x_wconf 84' lang='lat' dir='ltr'>adiungere</span> 
     </span>
     <span class='ocr_line' id='line_1_11' title="bbox 276 1979 1336 2061; baseline 0.001 -20"><span class='ocrx_word' id='word_1_88' title='bbox 276 1998 357 2041; x_wconf 86' lang='lat' dir='ltr'>ex</span> <span class='ocrx_word' id='word_1_89' title='bbox 404 1980 716 2060; x_wconf 88' lang='lat' dir='ltr'>cuiusque</span> <span class='ocrx_word' id='word_1_90' title='bbox 760 1979 1033 2042; x_wconf 89' lang='lat' dir='ltr'>libidine</span> <span class='ocrx_word' id='word_1_91' title='bbox 1080 1979 1336 2061; x_wconf 88' lang='lat' dir='ltr'>pendet.</span> 
     </span>
    </p>

    <p class='ocr_par' dir='ltr' id='par_1_3' title="bbox 277 2071 2512 2436">
     <span class='ocr_line' id='line_1_12' title="bbox 363 2071 2508 2193; baseline 0.001 -27"><span class='ocrx_word' id='word_1_92' title='bbox 363 2103 566 2193; x_wconf 86' lang='lat' dir='ltr'>Nulla</span> <span class='ocrx_word' id='word_1_93' title='bbox 627 2106 757 2167; x_wconf 88' lang='lat' dir='ltr'>fere</span> <span class='ocrx_word' id='word_1_94' title='bbox 817 2071 918 2167; x_wconf 12' lang='lat' dir='ltr'>est*</span> <span class='ocrx_word' id='word_1_95' title='bbox 968 2123 1069 2167; x_wconf 89' lang='lat' dir='ltr'>res</span> <span class='ocrx_word' id='word_1_96' title='bbox 1128 2105 1372 2182; x_wconf 86' lang='lat' dir='ltr'>divina,</span> <span class='ocrx_word' id='word_1_97' title='bbox 1436 2105 1543 2166; x_wconf 87' lang='lat' dir='ltr'>cui</span> <span class='ocrx_word' id='word_1_98' title='bbox 1605 2103 1769 2166; x_wconf 87' lang='lat' dir='ltr'>desit</span> <span class='ocrx_word' id='word_1_99' title='bbox 1829 2109 2086 2182; x_wconf 76' lang='lat' dir='ltr'>mantra,</span> <span class='ocrx_word' id='word_1_100' title='bbox 2162 2103 2205 2167; x_wconf 90' lang='lat' dir='ltr'>i.</span> <span class='ocrx_word' id='word_1_101' title='bbox 2268 2123 2323 2167; x_wconf 93' lang='lat' dir='ltr'>e.</span> <span class='ocrx_word' id='word_1_102' title='bbox 2374 2124 2508 2168; x_wconf 87' lang='lat' dir='ltr'>car-</span> 
     </span>
     <span class='ocr_line' id='line_1_13' title="bbox 277 2225 2508 2316; baseline 0.001 -26"><span class='ocrx_word' id='word_1_103' title='bbox 277 2248 452 2306; x_wconf 90' lang='lat' dir='ltr'>men,</span> <span class='ocrx_word' id='word_1_104' title='bbox 502 2228 823 2310; x_wconf 88' lang='lat' dir='ltr'>siquidem</span> <span class='ocrx_word' id='word_1_105' title='bbox 863 2230 1120 2316; x_wconf 84' lang='lat' dir='ltr'>patricii</span> <span class='ocrx_word' id='word_1_106' title='bbox 1163 2229 1412 2310; x_wconf 87' lang='lat' dir='ltr'>equites</span> <span class='ocrx_word' id='word_1_107' title='bbox 1452 2229 1751 2291; x_wconf 89' lang='lat' dir='ltr'>homines</span> <span class='ocrx_word' id='word_1_108' title='bbox 1788 2229 1865 2292; x_wconf 90' lang='lat' dir='ltr'>de</span> <span class='ocrx_word' id='word_1_109' title='bbox 1901 2229 2091 2310; x_wconf 91' lang='lat' dir='ltr'>plebe</span> <span class='ocrx_word' id='word_1_110' title='bbox 2126 2225 2480 2310; x_wconf 89' lang='lat' dir='ltr'>operantur</span> <span class='ocrx_word' id='word_1_111' title='bbox 2490 2254 2508 2306; x_wconf 82' lang='lat'><em>3</em></span> 
     </span>
     <span class='ocr_line' id='line_1_14' title="bbox 277 2353 2512 2436; baseline 0 -21"><span class='ocrx_word' id='word_1_112' title='bbox 277 2353 396 2416; x_wconf 91' lang='lat' dir='ltr'>ubi</span> <span class='ocrx_word' id='word_1_113' title='bbox 457 2372 533 2416; x_wconf 90' lang='lat' dir='ltr'>eo</span> <span class='ocrx_word' id='word_1_114' title='bbox 594 2373 727 2416; x_wconf 90' lang='lat' dir='ltr'>non</span> <span class='ocrx_word' id='word_1_115' title='bbox 791 2359 885 2416; x_wconf 90' lang='lat' dir='ltr'>est</span> <span class='ocrx_word' id='word_1_116' title='bbox 945 2374 1125 2436; x_wconf 79' lang='lat' dir='ltr'>opUS,</span> <span class='ocrx_word' id='word_1_117' title='bbox 1189 2355 1265 2416; x_wconf 91' lang='lat' dir='ltr'>de</span> <span class='ocrx_word' id='word_1_118' title='bbox 1329 2354 1653 2416; x_wconf 88' lang='lat' dir='ltr'>industria</span> <span class='ocrx_word' id='word_1_119' title='bbox 1712 2354 2115 2436; x_wconf 85' lang='lat' dir='ltr'>significatur</span> <span class='ocrx_word' id='word_1_120' title='bbox 2174 2355 2243 2415; x_wconf 93' lang='lat' dir='ltr'>in</span> <span class='ocrx_word' id='word_1_121' title='bbox 2287 2354 2512 2436; x_wconf 79' lang='lat' dir='ltr'>grhyis</span> 
     </span>
    </p>
   </div>
   <div class='ocr_carea' id='block_1_3' title="bbox 277 2477 2511 2557">
    <p class='ocr_par' dir='ltr' id='par_1_4' title="bbox 277 2477 2511 2557">
     <span class='ocr_line' id='line_1_15' title="bbox 277 2477 2511 2557; baseline 0 -17"><span class='ocrx_word' id='word_1_122' title='bbox 277 2498 437 2543; x_wconf 86' lang='lat' dir='ltr'>voce</span> <span class='ocrx_word' id='word_1_123' title='bbox 495 2477 757 2542; x_wconf 63' lang='lat' dir='ltr'>tezsknszm</span> <span class='ocrx_word' id='word_1_124' title='bbox 791 2480 859 2542; x_wconf 86' lang='lat' dir='ltr'>·i.</span> <span class='ocrx_word' id='word_1_125' title='bbox 923 2499 978 2543; x_wconf 90' lang='lat' dir='ltr'>e.</span> <span class='ocrx_word' id='word_1_126' title='bbox 1033 2478 1419 2557; x_wconf 90' lang='lat' dir='ltr'>„silentio”.</span> <span class='ocrx_word' id='word_1_127' title='bbox 1461 2480 1788 2542; x_wconf 87' lang='lat' dir='ltr'>Vetantur</span> <span class='ocrx_word' id='word_1_128' title='bbox 1831 2479 1913 2540; x_wconf 92' lang='lat' dir='ltr'>iis</span> <span class='ocrx_word' id='word_1_129' title='bbox 1963 2479 2059 2541; x_wconf 90' lang='lat' dir='ltr'>uti</span> <span class='ocrx_word' id='word_1_130' title='bbox 2106 2479 2511 2542; x_wconf 87' lang='lat' dir='ltr'>carminibus</span> 
     </span>
    </p>
   </div>
   <div class='ocr_carea' id='block_1_4' title="bbox 273 2604 2541 4570">
    <p class='ocr_par' dir='ltr' id='par_1_5' title="bbox 277 2604 2510 3062">
     <span class='ocr_line' id='line_1_16' title="bbox 278 2604 2509 2686; baseline 0.001 -21"><span class='ocrx_word' id='word_1_131' title='bbox 278 2605 562 2667; x_wconf 89' lang='lat' dir='ltr'>feminae</span> <span class='ocrx_word' id='word_1_132' title='bbox 625 2610 688 2667; x_wconf 92' lang='lat' dir='ltr'>et</span> <span class='ocrx_word' id='word_1_133' title='bbox 750 2606 1049 2668; x_wconf 89' lang='lat' dir='ltr'>homines</span> <span class='ocrx_word' id='word_1_134' title='bbox 1108 2605 1326 2685; x_wconf 89' lang='lat' dir='ltr'>quarti</span> <span class='ocrx_word' id='word_1_135' title='bbox 1389 2604 1653 2682; x_wconf 81' lang='lat' dir='ltr'>ordiniS,</span> <span class='ocrx_word' id='word_1_136' title='bbox 1716 2604 1958 2686; x_wconf 89' lang='lat' dir='ltr'>quippe</span> <span class='ocrx_word' id='word_1_137' title='bbox 2006 2604 2340 2667; x_wconf 92' lang='lat' dir='ltr'>Vedorum</span> <span class='ocrx_word' id='word_1_138' title='bbox 2386 2605 2509 2667; x_wconf 91' lang='lat' dir='ltr'>lec·</span> 
     </span>
     <span class='ocr_line' id='line_1_17' title="bbox 277 2715 2510 2812; baseline 0 -20"><span class='ocrx_word' id='word_1_139' title='bbox 277 2730 456 2794; x_wconf 88' lang='lat' dir='ltr'>tione</span> <span class='ocrx_word' id='word_1_140' title='bbox 492 2730 824 2812; x_wconf 83' lang='lat' dir='ltr'>prohibiti.</span> <span class='ocrx_word' id='word_1_141' title='bbox 866 2715 1050 2809; x_wconf 76' lang='lat' dir='ltr'>Quae</span> <span class='ocrx_word' id='word_1_142' title='bbox 1089 2730 1290 2811; x_wconf 78' lang='lat' dir='ltr'>igitur</span> <span class='ocrx_word' id='word_1_143' title='bbox 1327 2729 1409 2792; x_wconf 89' lang='lat' dir='ltr'>ab</span> <span class='ocrx_word' id='word_1_144' title='bbox 1451 2730 1550 2791; x_wconf 91' lang='lat' dir='ltr'>his</span> <span class='ocrx_word' id='word_1_145' title='bbox 1589 2730 1660 2791; x_wconf 91' lang='lat' dir='ltr'>fit</span> <span class='ocrx_word' id='word_1_146' title='bbox 1700 2729 1803 2791; x_wconf 89' lang='lat' dir='ltr'>vel</span> <span class='ocrx_word' id='word_1_147' title='bbox 1841 2748 1956 2810; x_wconf 92' lang='lat' dir='ltr'>pro</span> <span class='ocrx_word' id='word_1_148' title='bbox 1998 2729 2267 2791; x_wconf 87' lang='lat' dir='ltr'>illarum</span> <span class='ocrx_word' id='word_1_149' title='bbox 2300 2729 2510 2792; x_wconf 90' lang='lat' dir='ltr'>salute</span> 
     </span>
     <span class='ocr_line' id='line_1_18' title="bbox 277 2834 2509 2936; baseline 0 -21"><span class='ocrx_word' id='word_1_150' title='bbox 277 2853 412 2916; x_wconf 57' lang='grc' dir='ltr'>ἄτα</span> <span class='ocrx_word' id='word_1_151' title='bbox 467 2855 832 2936; x_wconf 88' lang='lat' dir='ltr'>appellatur</span> <span class='ocrx_word' id='word_1_152' title='bbox 880 2873 980 2917; x_wconf 92' lang='lat' dir='ltr'>res</span> <span class='ocrx_word' id='word_1_153' title='bbox 1027 2854 1273 2930; x_wconf 86' lang='lat' dir='ltr'>divina,</span> <span class='ocrx_word' id='word_1_154' title='bbox 1321 2855 1365 2917; x_wconf 90' lang='lat' dir='ltr'>i.</span> <span class='ocrx_word' id='word_1_155' title='bbox 1412 2873 1466 2917; x_wconf 91' lang='lat' dir='ltr'>e.</span> <span class='ocrx_word' id='word_1_156' title='bbox 1515 2854 1654 2917; x_wconf 91' lang='lat' dir='ltr'>sine</span> <span class='ocrx_word' id='word_1_157' title='bbox 1700 2854 2011 2931; x_wconf 84' lang='lat' dir='ltr'>carmine,</span> <span class='ocrx_word' id='word_1_158' title='bbox 2058 2858 2131 2916; x_wconf 90' lang='lat' dir='ltr'>ut</span> <span class='ocrx_word' id='word_1_159' title='bbox 2150 2834 2257 2919; x_wconf 15' lang='lat' dir='ltr'>,de</span> <span class='ocrx_word' id='word_1_160' title='bbox 2303 2874 2509 2917; x_wconf 89' lang='lat' dir='ltr'>sacra-</span> 
     </span>
     <span class='ocr_line' id='line_1_19' title="bbox 278 2978 1506 3062; baseline -0.001 -21"><span class='ocrx_word' id='word_1_161' title='bbox 278 2980 518 3042; x_wconf 88' lang='lat' dir='ltr'>mentis</span> <span class='ocrx_word' id='word_1_162' title='bbox 565 2985 660 3043; x_wconf 91' lang='lat' dir='ltr'>est</span> <span class='ocrx_word' id='word_1_163' title='bbox 705 2981 879 3061; x_wconf 91' lang='lat' dir='ltr'>apud</span> <span class='ocrx_word' id='word_1_164' title='bbox 923 2981 1194 3041; x_wconf 89' lang='lat' dir='ltr'>Manum</span> <span class='ocrx_word' id='word_1_165' title='bbox 1244 2978 1348 3060; x_wconf 92' lang='lat' dir='ltr'>(II,</span> <span class='ocrx_word' id='word_1_166' title='bbox 1402 2980 1506 3062; x_wconf 85' lang='grc'>66)</span> 
     </span>
    </p>

    <p class='ocr_par' dir='ltr' id='par_1_6' title="bbox 273 3088 2511 3939">
     <span class='ocr_line' id='line_1_20' title="bbox 373 3088 2206 3187; baseline -0.001 -20"><span class='ocrx_word' id='word_1_167' title='bbox 373 3088 378 3094; x_wconf 40' lang='grc'><strong>’</strong></span> <span class='ocrx_word' id='word_1_168' title='bbox 540 3104 888 3167; x_wconf 69' lang='lat' dir='ltr'>amantrika‘</span> <span class='ocrx_word' id='word_1_169' title='bbox 925 3111 992 3167; x_wconf 68' lang='lat' dir='ltr'>tu</span> <span class='ocrx_word' id='word_1_170' title='bbox 1036 3104 1347 3187; x_wconf 68' lang='lat' dir='ltr'>kdryeyam</span> <span class='ocrx_word' id='word_1_171' title='bbox 1395 3102 1651 3171; x_wconf 62' lang='lat' dir='ltr'>strindm</span> <span class='ocrx_word' id='word_1_172' title='bbox 1697 3104 1848 3167; x_wconf 62' lang='lat' dir='ltr'>a‘vrd</span> <span class='ocrx_word' id='word_1_173' title='bbox 1887 3104 2206 3183; x_wconf 65' lang='lat' dir='ltr'>afeslcatah</span> 
     </span>
     <span class='ocr_line' id='line_1_21' title="bbox 278 3229 2505 3323; baseline 0 -32"><span class='ocrx_word' id='word_1_174' title='bbox 278 3231 322 3292; x_wconf 91' lang='lat' dir='ltr'>i.</span> <span class='ocrx_word' id='word_1_175' title='bbox 370 3249 439 3312; x_wconf 86' lang='lat' dir='ltr'>e.</span> <span class='ocrx_word' id='word_1_176' title='bbox 501 3231 695 3307; x_wconf 91' lang='lat' dir='ltr'>„sine</span> <span class='ocrx_word' id='word_1_177' title='bbox 757 3231 1048 3323; x_wconf 88' lang='lat' dir='ltr'>carmine</span> <span class='ocrx_word' id='word_1_178' title='bbox 1113 3231 1373 3293; x_wconf 88' lang='lat' dir='ltr'>silentio</span> <span class='ocrx_word' id='word_1_179' title='bbox 1437 3231 1595 3293; x_wconf 93' lang='lat' dir='ltr'>haec</span> <span class='ocrx_word' id='word_1_180' title='bbox 1642 3230 1870 3292; x_wconf 89' lang='lat' dir='ltr'>omnia</span> <span class='ocrx_word' id='word_1_181' title='bbox 1912 3230 2023 3313; x_wconf 90' lang='lat' dir='ltr'>[sc.</span> <span class='ocrx_word' id='word_1_182' title='bbox 2070 3229 2505 3312; x_wconf 84' lang='lat' dir='ltr'>sacramenta]</span> 
     </span>
     <span class='ocr_line' id='line_1_22' title="bbox 275 3354 2511 3436; baseline 0.001 -21"><span class='ocrx_word' id='word_1_183' title='bbox 275 3354 464 3417; x_wconf 91' lang='lat' dir='ltr'>nulla</span> <span class='ocrx_word' id='word_1_184' title='bbox 521 3374 591 3417; x_wconf 93' lang='lat' dir='ltr'>re</span> <span class='ocrx_word' id='word_1_185' title='bbox 631 3356 1087 3436; x_wconf 85' lang='lat' dir='ltr'>praetermissa</span> <span class='ocrx_word' id='word_1_186' title='bbox 1131 3355 1394 3418; x_wconf 87' lang='lat' dir='ltr'>feminis</span> <span class='ocrx_word' id='word_1_187' title='bbox 1452 3356 1593 3418; x_wconf 91' lang='lat' dir='ltr'>fieri</span> <span class='ocrx_word' id='word_1_188' title='bbox 1639 3354 1963 3436; x_wconf 86' lang='lat' dir='ltr'>oportet;”</span> <span class='ocrx_word' id='word_1_189' title='bbox 2010 3355 2143 3417; x_wconf 56' lang='lat' dir='ltr'>civ-rt</span> <span class='ocrx_word' id='word_1_190' title='bbox 2188 3355 2387 3433; x_wconf 87' lang='lat' dir='ltr'>enim,</span> <span class='ocrx_word' id='word_1_191' title='bbox 2435 3360 2511 3417; x_wconf 91' lang='lat' dir='ltr'>ut</span> 
     </span>
     <span class='ocr_line' id='line_1_23' title="bbox 275 3470 2510 3563; baseline 0 -22"><span class='ocrx_word' id='word_1_192' title='bbox 275 3481 742 3562; x_wconf 87' lang='lat' dir='ltr'>interpretatur</span> <span class='ocrx_word' id='word_1_193' title='bbox 818 3481 976 3545; x_wconf 68' lang='lat' dir='ltr'>Nar.</span> <span class='ocrx_word' id='word_1_194' title='bbox 1049 3481 1132 3544; x_wconf 88' lang='lat' dir='ltr'>ad</span> <span class='ocrx_word' id='word_1_195' title='bbox 1185 3470 1352 3563; x_wconf 64' lang='lat' dir='ltr'>Kcv.</span> <span class='ocrx_word' id='word_1_196' title='bbox 1416 3480 1620 3561; x_wconf 85' lang='lat' dir='ltr'>Grhy.</span> <span class='ocrx_word' id='word_1_197' title='bbox 1684 3480 1733 3557; x_wconf 94' lang='grc' dir='ltr'>Ι,</span> <span class='ocrx_word' id='word_1_198' title='bbox 1799 3480 1900 3558; x_wconf 86' lang='grc'>17,</span> <span class='ocrx_word' id='word_1_199' title='bbox 1967 3481 2075 3541; x_wconf 85' lang='grc'>18;</span> <span class='ocrx_word' id='word_1_200' title='bbox 2138 3485 2347 3542; x_wconf 75' lang='lat' dir='ltr'>tantm</span> <span class='ocrx_word' id='word_1_201' title='bbox 2404 3501 2510 3542; x_wconf 77' lang='lat' dir='ltr'>eva</span> 
     </span>
     <span class='ocr_line' id='line_1_24' title="bbox 275 3606 2507 3688; baseline -0 -21"><span class='ocrx_word' id='word_1_202' title='bbox 275 3606 532 3684; x_wconf 67' lang='lat' dir='ltr'>bkavatv‘,</span> <span class='ocrx_word' id='word_1_203' title='bbox 573 3630 652 3669; x_wconf 68' lang='lat' dir='ltr'>wa</span> <span class='ocrx_word' id='word_1_204' title='bbox 695 3608 974 3669; x_wconf 73' lang='lat' dir='ltr'>mantrah</span> <span class='ocrx_word' id='word_1_205' title='bbox 1015 3608 1058 3670; x_wconf 92' lang='lat' dir='ltr'>i.</span> <span class='ocrx_word' id='word_1_206' title='bbox 1099 3626 1154 3669; x_wconf 92' lang='lat' dir='ltr'>e.</span> <span class='ocrx_word' id='word_1_207' title='bbox 1193 3627 1254 3670; x_wconf 80' lang='lat' dir='ltr'>v,</span> <span class='ocrx_word' id='word_1_208' title='bbox 1289 3626 1348 3669; x_wconf 90' lang='lat' dir='ltr'>a.</span> <span class='ocrx_word' id='word_1_209' title='bbox 1396 3612 1792 3688; x_wconf 83' lang='lat' dir='ltr'>„praecepta</span> <span class='ocrx_word' id='word_1_210' title='bbox 1836 3610 2096 3669; x_wconf 87' lang='lat' dir='ltr'>tantum</span> <span class='ocrx_word' id='word_1_211' title='bbox 2146 3624 2507 3687; x_wconf 82' lang='lat' dir='ltr'>exsequun-</span> 
     </span>
     <span class='ocr_line' id='line_1_25' title="bbox 277 3701 2507 3811; baseline -0.001 -18"><span class='ocrx_word' id='word_1_212' title='bbox 277 3736 403 3809; x_wconf 86' lang='lat' dir='ltr'>tur,</span> <span class='ocrx_word' id='word_1_213' title='bbox 465 3752 729 3795; x_wconf 90' lang='lat' dir='ltr'>carmen</span> <span class='ocrx_word' id='word_1_214' title='bbox 785 3752 919 3796; x_wconf 93' lang='lat' dir='ltr'>non</span> <span class='ocrx_word' id='word_1_215' title='bbox 965 3701 1308 3796; x_wconf 59' lang='lat' dir='ltr'>recitant-,3⁵</span> <span class='ocrx_word' id='word_1_216' title='bbox 1354 3722 1551 3807; x_wconf 85' lang='lat' dir='ltr'>Raro,</span> <span class='ocrx_word' id='word_1_217' title='bbox 1597 3730 1781 3793; x_wconf 88' lang='lat' dir='ltr'>velut</span> <span class='ocrx_word' id='word_1_218' title='bbox 1817 3731 1887 3792; x_wconf 93' lang='lat' dir='ltr'>in</span> <span class='ocrx_word' id='word_1_219' title='bbox 1929 3714 2193 3811; x_wconf 85' lang='lat' dir='ltr'>nuptiis,</span> <span class='ocrx_word' id='word_1_220' title='bbox 2242 3729 2507 3792; x_wconf 89' lang='lat' dir='ltr'>mulieri</span> 
     </span>
     <span class='ocr_line' id='line_1_26' title="bbox 273 3828 1607 3939; baseline 0.001 -21"><span class='ocrx_word' id='word_1_221' title='bbox 273 3858 734 3939; x_wconf 89' lang='lat' dir='ltr'>permitittitur</span> <span class='ocrx_word' id='word_1_222' title='bbox 767 3828 1059 3920; x_wconf 79' lang='lat' dir='ltr'>carmen</span> <span class='ocrx_word' id='word_1_223' title='bbox 1092 3863 1164 3920; x_wconf 89' lang='lat' dir='ltr'>ut</span> <span class='ocrx_word' id='word_1_224' title='bbox 1209 3858 1607 3938; x_wconf 87' lang='lat' dir='ltr'>pronuntiet.</span> 
     </span>
    </p>

    <p class='ocr_par' dir='ltr' id='par_1_7' title="bbox 273 3979 2541 4570">
     <span class='ocr_line' id='line_1_27' title="bbox 363 3979 2507 4063; baseline 0 -20"><span class='ocrx_word' id='word_1_225' title='bbox 363 3983 462 4043; x_wconf 84' lang='lat' dir='ltr'>Ea</span> <span class='ocrx_word' id='word_1_226' title='bbox 531 3987 752 4044; x_wconf 87' lang='lat' dir='ltr'>autem</span> <span class='ocrx_word' id='word_1_227' title='bbox 827 3983 1120 4045; x_wconf 89' lang='lat' dir='ltr'>carmina</span> <span class='ocrx_word' id='word_1_228' title='bbox 1185 4001 1404 4063; x_wconf 87' lang='lat' dir='ltr'>preces</span> <span class='ocrx_word' id='word_1_229' title='bbox 1471 3982 1735 4063; x_wconf 88' lang='lat' dir='ltr'>partim,</span> <span class='ocrx_word' id='word_1_230' title='bbox 1805 3981 2048 4062; x_wconf 87' lang='lat' dir='ltr'>partim</span> <span class='ocrx_word' id='word_1_231' title='bbox 2120 3979 2507 4044; x_wconf 90' lang='lat' dir='ltr'>incantatio-</span> 
     </span>
     <span class='ocr_line' id='line_1_28' title="bbox 273 4101 2541 4188; baseline -0 -19"><span class='ocrx_word' id='word_1_232' title='bbox 273 4126 410 4183; x_wconf 78' lang='lat' dir='ltr'>neS,</span> <span class='ocrx_word' id='word_1_233' title='bbox 467 4108 762 4169; x_wconf 88' lang='lat' dir='ltr'>numeris</span> <span class='ocrx_word' id='word_1_234' title='bbox 817 4107 1105 4169; x_wconf 86' lang='lat' dir='ltr'>cohibita</span> <span class='ocrx_word' id='word_1_235' title='bbox 1153 4107 1443 4169; x_wconf 90' lang='lat' dir='ltr'>carentia</span> <span class='ocrx_word' id='word_1_236' title='bbox 1481 4101 1778 4188; x_wconf 65' lang='lat' dir='ltr'>(belgicffl</span> <span class='ocrx_word' id='word_1_237' title='bbox 1814 4105 2247 4188; x_wconf 84' lang='lat' dir='ltr'>„spreuken”</span> <span class='ocrx_word' id='word_1_238' title='bbox 2276 4107 2541 4188; x_wconf 22' lang='lat' dir='ltr'>*appel*</span> 
     </span>
     <span class='ocr_line' id='line_1_29' title="bbox 274 4231 2509 4314; baseline 0 -22"><span class='ocrx_word' id='word_1_239' title='bbox 274 4232 466 4314; x_wconf 90' lang='lat' dir='ltr'>lares)</span> <span class='ocrx_word' id='word_1_240' title='bbox 525 4231 914 4313; x_wconf 89' lang='lat' dir='ltr'>plerumque</span> <span class='ocrx_word' id='word_1_241' title='bbox 963 4233 1189 4314; x_wconf 85' lang='lat' dir='ltr'>lingua</span> <span class='ocrx_word' id='word_1_242' title='bbox 1235 4236 1425 4314; x_wconf 87' lang='lat' dir='ltr'>pacta</span> <span class='ocrx_word' id='word_1_243' title='bbox 1464 4236 1618 4293; x_wconf 91' lang='lat' dir='ltr'>sunt</span> <span class='ocrx_word' id='word_1_244' title='bbox 1660 4231 1935 4307; x_wconf 74' lang='lat' dir='ltr'>Vedioa3</span> <span class='ocrx_word' id='word_1_245' title='bbox 1976 4231 2318 4312; x_wconf 88' lang='lat' dir='ltr'>multaque</span> <span class='ocrx_word' id='word_1_246' title='bbox 2357 4236 2509 4293; x_wconf 89' lang='lat' dir='ltr'>sunt</span> 
     </span>
     <span class='ocr_line' id='line_1_30' title="bbox 277 4348 2509 4439; baseline -0.001 -20"><span class='ocrx_word' id='word_1_247' title='bbox 277 4376 358 4419; x_wconf 86' lang='lat' dir='ltr'>ex</span> <span class='ocrx_word' id='word_1_248' title='bbox 407 4348 508 4435; x_wconf 84' lang='lat' dir='ltr'>iis,</span> <span class='ocrx_word' id='word_1_249' title='bbox 549 4377 720 4439; x_wconf 90' lang='lat' dir='ltr'>quae</span> <span class='ocrx_word' id='word_1_250' title='bbox 770 4358 841 4419; x_wconf 92' lang='lat' dir='ltr'>in</span> <span class='ocrx_word' id='word_1_251' title='bbox 889 4363 1171 4439; x_wconf 80' lang='lat' dir='ltr'>quatuor</span> <span class='ocrx_word' id='word_1_252' title='bbox 1217 4376 1384 4439; x_wconf 89' lang='lat' dir='ltr'>quae</span> <span class='ocrx_word' id='word_1_253' title='bbox 1416 4360 1779 4437; x_wconf 87' lang='lat' dir='ltr'>supersunt,</span> <span class='ocrx_word' id='word_1_254' title='bbox 1827 4356 2044 4431; x_wconf 81' lang='lat' dir='ltr'>Vedis,</span> <span class='ocrx_word' id='word_1_255' title='bbox 2085 4355 2371 4437; x_wconf 86' lang='lat' dir='ltr'>reperias</span> <span class='ocrx_word' id='word_1_256' title='bbox 2383 4381 2400 4431; x_wconf 80' lang='lat'><em>3</em></span> <span class='ocrx_word' id='word_1_257' title='bbox 2442 4360 2509 4417; x_wconf 87' lang='lat' dir='ltr'>at</span> 
     </span>
     <span class='ocr_line' id='line_1_31' title="bbox 277 4479 2507 4570; baseline -0.004 -21"><span class='ocrx_word' id='word_1_258' title='bbox 277 4489 507 4549; x_wconf 81' lang='lat' dir='ltr'>eontra</span> <span class='ocrx_word' id='word_1_259' title='bbox 563 4502 696 4550; x_wconf 85' lang='lat' dir='ltr'>non</span> <span class='ocrx_word' id='word_1_260' title='bbox 749 4482 1003 4565; x_wconf 73' lang='lat' dir='ltr'>desunt,</span> <span class='ocrx_word' id='word_1_261' title='bbox 1057 4500 1226 4570; x_wconf 88' lang='lat' dir='ltr'>quae</span> <span class='ocrx_word' id='word_1_262' title='bbox 1277 4481 1414 4545; x_wconf 89' lang='lat' dir='ltr'>sive</span> <span class='ocrx_word' id='word_1_263' title='bbox 1465 4500 1561 4560; x_wconf 91' lang='lat' dir='ltr'>ea,</span> <span class='ocrx_word' id='word_1_264' title='bbox 1615 4492 1749 4565; x_wconf 86' lang='lat' dir='ltr'>qua</span> <span class='ocrx_word' id='word_1_265' title='bbox 1803 4485 2076 4559; x_wconf 85' lang='lat' dir='ltr'>exstent,</span> <span class='ocrx_word' id='word_1_266' title='bbox 2109 4479 2507 4559; x_wconf 81' lang='lat' dir='ltr'>recensione,</span> 
     </span>
    </p>
   </div>
  </div>
 </body>
</html>
