3325 5200
1641 614 1727 676 42

568 820 806 904 posita3
867 821 1228 886 sexcenties
1287 821 1468 886 enim
1529 823 1599 887 in
1661 825 1959 888 versibus
2003 823 2268 902 vedicis,
2331 828 2406 888 ut
2456 825 2803 890 enuntiata

569 947 812 1012 clarius
859 947 1294 1027 illustrentur,
1339 969 1717 1032 synonyma
1754 948 2203 1013 cumulantur.
2248 946 2561 1014 Ceterum
2606 951 2687 1014 de
2732 951 2802 1013 vi
2902 1037 2907 1041 .

567 1072 746 1137 vocis
809 1073 1069 1155 subhaya
1123 1074 1203 1137 cf.
1264 1077 1328 1138 et
1386 1061 1549 1158 Iov.
1609 1073 1660 1153 1,
1726 1075 1785 1152 8,
1848 1076 1918 1137 9:
1980 1072 2084 1136 iba
2117 1072 2381 1164 ‚priyam
2420 1073 2697 1159 prajayd
2746 1081 2803 1139 te

565 1197 1022 1281 samrdbyatdm,
1083 1198 1244 1277 „hic
1286 1197 1463 1262 laeta
1497 1176 1626 1262 'tua
1670 1199 1898 1263 liberis
1943 1197 2354 1282 augeantur’'
2400 1205 2467 1263 et
2509 1200 2673 1283 Rgv.
2715 1201 2799 1280 X,

569 1321 672 1401 85,
736 1323 840 1401 44,
902 1323 1020 1388 ubi
1072 1323 1344 1388 vocibus
1383 1323 1638 1408 prajdm,
1698 1324 2108 1408 swbhdqyam,
2172 1323 2366 1408 φαμένη,
2419 1325 2488 1388 in
2537 1325 2799 1390 univer·

567 1461 722 1512 sum·
784 1452 863 1512 ut
919 1451 1145 1514 floreat
1187 1449 1442 1528 domus,
1489 1450 1602 1513 sed
1642 1450 1971 1533 imprimis
2015 1455 2093 1514 ut
2139 1450 2365 1514 liberis
2406 1451 2649 1528 floreat,
2694 1452 2799 1513 fla-

564 1572 832 1657 gitatur.
893 1572 1125 1657 Neque
1183 1574 1480 1637 alienum
1541 1577 1637 1638 est
1698 1573 1804 1638 hic
1865 1573 2124 1652 referre,
2170 1573 2431 1654 sabba-qa
2472 1593 2799 1670 nonnum-

565 1717 769 1781 quam
817 1699 1156 1784 designare
1199 1698 1558 1778 hominem,
1603 1699 1723 1782 qui
1767 1701 1964 1777 amet,
2011 1699 2254 1781 cuique
2300 1698 2509 1763 Amor
2561 1700 2797 1779 faveat,

566 1827 642 1887 ut
683 1823 754 1887 in
800 1825 1048 1910 Dacak.
1093 1844 1239 1908 pag.
1290 1825 1394 1889 39.
1441 1843 1574 1908 reg.
1629 1825 1660 1888 7
1710 1821 1810 1888 ed.
1858 1822 2145 1889 Calcutt.
2184 1822 2613 1906 subkaqamdwz'
2643 1825 2797 1890 dici·

541 1952 678 2013 ·tur
735 1949 1007 2033 quidam
1064 1937 1506 2034 magistratus,
1566 1950 1738 2032 „qui
1796 1949 2028 2014 stolide
2085 1950 2364 2033 putabat
2396 1969 2474 2014 se
2532 1955 2796 2034 gratum

566 2093 700 2138 esse
740 2074 1043 2158 puellis.''
1089 2076 1237 2139 Huc
1279 2079 1524 2158 spectat
1568 2080 1634 2139 et
1676 2063 1841 2158 ἶφν.
1888 2075 1939 2154 I,
1990 2075 2050 2153 5,
2100 2075 2159 2154 6,
2200 2074 2309 2139 cui
2346 2074 2511 2152 1000,
2549 2074 2621 2138 in
2662 2095 2795 2158 quo

565 2200 1054 2283 interpretando
1107 2201 1322 2264 adhuc
1372 2205 1665 2264 erratum
1716 2205 1833 2278 est,
1870 2219 1954 2264 ex
1988 2200 2072 2263 iis
2106 2217 2275 2282 quae
2312 2198 2797 2282 disputavimus

568 2326 747 2389 haud
792 2326 923 2390 scio
959 2346 1045 2390 an
1083 2327 1418 2409 praeclara
1461 2325 1582 2390 lux
1624 2325 1961 2389 affulserit.
1998 2325 2309 2408 Legimus
2346 2324 2463 2402 ibi,
2500 2306 2795 2407 procum,

568 2456 925 2535 antequam
997 2451 1326 2536 sponsalia
1361 2453 1574 2530 ⁴fiant,
1641 2451 1926 2515 sortibus
1989 2468 2304 2532 quaerere
2372 2449 2599 2526 solere,
2664 2466 2798 2529 qua

564 2575 785 2641 indole
843 2595 974 2660 quo
1033 2577 1299 2660 ingenio
1360 2577 1444 2641 sit
1486 2595 1586 2656 ea,-
1631 2595 1833 2660 quam
1882 2595 2158 2640 uxorem
2196 2575 2323 2640 sibi
2363 2575 2659 2639 destinet.
2696 2574 2796 2637 Ex

567 2708 710 2767 octo
757 2708 901 2767 tum
947 2709 1160 2767 terrae
1203 2702 1510 2787 globulis,
1554 2722 1723 2785 quos
1760 2722 1796 2766 e
1834 2703 2107 2767 totidem
2145 2702 2305 2767 locis
2342 2700 2798 2765 diversissimis

563 2829 1028 2911 apportaverit,
1074 2828 1313 2911 eligere
1357 2827 1652 2910 puellam
1692 2827 1879 2892 iubet
1891 2852 1909 2906 3
1948 2828 2004 2890 si
2045 2827 2420 2892 ominosum
2458 2844 2664 2891 manu
2699 2845 2797 2890 ce-

562 2954 732 3036 perit
789 2951 1158 3036 globulum,
1221 2972 1277 3017 e.
1339 2973 1400 3037 g.
1461 2972 1498 3017 e
1553 2919 1900 3035 quadrivio
1961 2955 2325 3035 sumptum,
2388 2953 2798 3017 matrimonii

564 3096 676 3160 spe
722 3077 1044 3156 deiicitur,
1089 3078 1192 3140 sin
1237 3078 1526 3142 faustum
1572 3077 1837 3142 ducitur
1881 3096 2069 3141 uxor.
2115 3077 2251 3140 Sua
2286 3077 2527 3159 cuique
2565 3078 2667 3141 vis
2704 3083 2800 3142 est

561 3201 865 3286 globulo;
950 3203 1509 3285 quemadmodum
1591 3221 1671 3265 ea
1743 3221 1914 3285 quae
1982 3203 2225 3285 ceperit
2294 3203 2639 3286 globulum
2716 3224 2800 3267 ex

478 3306 500 3323 ⁴
564 3333 738 3391 ten-a
797 3327 1004 3391 sterili
1068 3325 1328 3412 (mmm)
1395 3329 1469 3391 fit
1523 3328 1819 3411 adbanya‘.
1867 3327 2233 3391 Haeremus
2276 3327 2346 3390 in
2396 3328 2515 3391 hoo
2573 3330 2797 3393 verbo.

565 3454 857 3519 Stenzler
921 3453 1042 3535 (ed.
1081 3443 1254 3538 ’Ᾰςνπ
1302 3474 1469 3518 vers.
1514 3473 1722 3537 germ.
1772 3473 1918 3537 pag.
1970 3454 2076 3538 13)
2118 3454 2345 3517 vertit:
2406 3502 2446 3531 ‚,
2462 3454 2633 3517 ohne
2676 3454 2798 3517 Ge-

563 3579 840 3659 treide’';
902 3600 1054 3644 cum
1115 3599 1192 3644 eo
1253 3585 1382 3644 stat
1440 3584 1506 3643 et
1550 3580 1708 3644 Lex,
1746 3580 2006 3663 Petrop.
2052 3599 2102 3644 s.
2150 3600 2214 3643 v,
2260 3578 2351 3643 At
2392 3580 2797 3643 frumentum

562 3724 802 3769 sanscr.
850 3710 1038 3769 sonat
1084 3705 1338 3789 dhdnya,
1387 3725 1522 3769 non
1561 3705 1837 3789 dlmnym
1885 3711 2027 3769 tum
2066 3704 2226 3787 quid
2262 3705 2389 3769 sibi
2427 3704 2627 3768 vellet
2664 3724 2800 3769 sors

559 3832 908 3896 mulierem
968 3832 1296 3895 frumento
1357 3834 1692 3895 carentem
1752 3828 2170 3913 praedicans?
2222 3830 2309 3893 Et
2353 3848 2581 3893 sensus
2626 3850 2798 3895 com-

559 3958 782 4020 munis
841 3962 905 4023 et
965 3957 1194 4041 lingua
1246 3957 1488 4041 Latina
1529 3956 1720 4021 facile
1766 3975 1874 4020 me
1918 3956 2272 4035 adducunt,
2320 3961 2397 4019 ut
2440 3956 2801 4021 sterilitatis

560 4074 882 4149 indicium
952 4088 1195 4149 terram
1277 4083 1567 4147 sterilem
1626 4085 1878 4165 putem.
1941 4078 2135 4162 Quod
2208 4087 2273 4145 et
2341 4088 2597 4147 rectum
2665 4103 2801 4147 esse

560 4212 741 4291 patet
799 4227 880 4273 ex
945 4208 1090 4273 loco
1153 4207 1716 4291 Grhyasamgrahi,
1775 4225 1975 4291 quem
2039 4206 2267 4270 laudat
2318 4187 2455 4291 ipse
2509 4209 2801 4273 Stenzler

561 4334 632 4397 in
725 4352 880 4399 ann.
964 4331 1066 4397 ad.
1148 4333 1274 4397 l.l.:
1357 4332 1638 4416 bandkyd
1710 4332 1951 4396 bhavabi
2027 4331 2284 4411 eoskare,
2348 4333 2393 4397 i.
2465 4352 2521 4397 e.
2588 4333 2698 4411 „si
2762 4352 2800 4397 e

561 4464 736 4522 terra
775 4459 868 4521 sal
878 4459 1008 4538 ina,
1047 4458 1120 4522 fit
1155 4456 1463 4535 sterilis”;
1501 4457 1723 4520 dskara
1763 4458 1962 4538 (terra
1999 4457 2236 4541 salina)
2276 4463 2500 4522 autem
2540 4476 2797 4540 respon·
