3325 5200
1829 517 1910 598 :3ss

763 752 837 810 ut
875 767 993 829 par
1037 752 1151 811 est.
1193 746 1377 828 Quae
1415 748 1618 830 igitur
1653 749 1725 810 in
1766 753 2043 828 utroque
2080 765 2317 828 genere
2354 746 2437 809 ad
2476 763 2758 809 manum·
2781 751 2989 823 erant,

763 872 998 934 Manus
1041 870 1215 954 leges
1260 877 1324 934 et
1372 871 1972 954 Vishnupuranum,
2015 891 2147 933 non
2188 870 2467 953 neglexi.
2510 871 2680 933 Tum
2716 859 3006 952 'Kryan

763 995 1379 1076 dyasudhanidhim,
1419 1015 1618 1078 quem
1658 997 1915 1079 scripsit
1959 997 2059 1058 vir
2094 996 2842 1078 cLYajnecvaracarma,
2869 997 2997 1059 viri

765 1120 846 1184 cl.
883 1121 1090 1183 Kerni
1135 1121 1599 1185 benevolentia
1637 1121 2024 1203 inspiciendi
2073 1121 2236 1181 mihi
2283 1121 2405 1182 fuit
2452 1120 2666 1201 copia,
2692 1121 3001 1203 comperi,

765 1246 895 1308 fere
928 1243 1140 1308 totum
1165 1251 1378 1327 caput,
1405 1247 1580 1327 quod
1603 1251 1699 1308 est
1724 1247 1802 1309 de
1829 1247 1963 1308 ritu
1988 1246 2357 1324 domestice,
2383 1264 2502 1327 ope
2526 1247 3002 1329 Prayogaratni

767 1496 979 1568 fructu
1020 1514 1097 1558 ea
1137 1515 1292 1558 usus
1332 1516 1479 1558 sum
1516 1497 2090 1573 commentatione,
2130 1497 2468 1579 perspicuo
2508 1497 2801 1559 confecta
2832 1497 3002 1559 stilo.

859 1744 894 1828 ᾧ
943 1745 1002 1808 3.
1064 1743 1210 1825 Quo
1259 1746 1532 1809 consilio
1587 1719 1976 1828 scripserim,
2024 1765 2107 1808 ex
2152 1747 2391 1828 quibus
2439 1745 2770 1808 hauserim
2816 1744 3007 1808 fonti·

772 1870 894 1932 bus
953 1858 1298 1934 certiorem
1348 1876 1409 1934 te
1454 1871 1594 1949 feci,
1644 1871 1961 1934 benevole
2009 1871 2228 1949 lector,
2278 1877 2501 1933 tamen
2550 1870 2898 1953 paulisper,
2948 1868 3001 1929 si

768 1993 1000 2076 placet,
1063 1995 1135 2057 in
1191 1995 1596 2076 praefatione
1643 1999 1723 2058 -te
1783 1995 2054 2072 retineo,
2101 2001 2175 2057 ut
2221 2014 2390 2077 quae
2438 1996 2604 2058 mihi
2651 1996 2729 2057 de
2773 1969 3013 2055 natura

771 2108 1294 2183 ceremoniarum
1361 2121 1868 2183 domesticarum
1934 2119 2416 2203 praemittenda
2462 2140 2595 2184 esse
2642 2119 3009 2196 videantur,

773 2245 895 2307 tibi
955 2263 1339 2326 proponam,
1403 2264 1536 2326 qua
1594 2245 1851 2308 ratione
1898 2251 2119 2308 autem
2170 2246 2241 2306 in
2288 2241 2673 2327 explicando
2720 2250 3013 2308 ver-satus

775 2369 921 2446 sim,
999 2369 1240 2431 iudicio
1319 2375 1434 2432 tuo
1513 2370 1921 2432 submittam.
1995 2369 2090 2432 Ac
2166 2370 2457 2451 primuni
2529 2369 2688 2451 quid
2755 2369 3015 2432 intersit

774 2494 948 2556 inter
1013 2499 1423 2557 sacramenta
1486 2500 1551 2557 et
1611 2501 1895 2558 ceteram
1958 2515 2098 2558 rem
2162 2495 2458 2556 divinam
2528 2514 2725 2577 supra
2786 2495 3012 2556 statui-

778 2638 947 2682 111118.
993 2616 1394 2683 Communia
1437 2624 1590 2681 sunt
1633 2620 1717 2681 iis
1764 2620 2125 2702 simplicior
2168 2639 2323 2702 prae
2364 2620 2605 2703 crautis
2644 2625 3013 2709 apparatuS,

713 2752 716 2757 '
778 2744 1044 2826 ipseque
1103 2744 1571 2826 paterfamilias
1630 2745 1980 2807 sacerdotis
2039 2764 2313 2807 munere
2373 2746 2678 2827 fungens3
2743 2764 2900 2808 nam
2947 2746 3041 2818 in,

780 2869 1021 2952 orantis
1082 2870 1456 2951 saepissime
1524 2875 1955 2952 spectatorem
2017 2870 2170 2951 agit,
2233 2861 2416 2932 sacra
2478 2869 2634 2931 dum
2684 2889 2724 2931 a
2767 2870 3018 2931 rituum

777 2994 1006 3077 peritis
1068 2994 1471 3072 brahmaniS,
1535 3012 1699 3075 quos
1753 2995 2081 3071 acciverit,
2129 2999 2551 3076 peraguntur.
2600 2993 2751 3057 Non
2798 2998 3019 3056 tamen

781 3119 1016 3182 desunt
1074 3120 1147 3181 in
1207 3119 1433 3201 grhyis
1496 3120 1848 3210 brahmani
1905 3120 2118 3201 periti,
2178 3120 2234 3181 si
2293 3120 2678 3200 quotidiana
2738 3119 3022 3200 excipias

783 3263 987 3322 sacra,
1050 3244 1120 3306 in
1166 3244 1493 3326 plerisque
1537 3245 1927 3308 ceremoniis
1973 3245 2409 3325 omnibusque
2454 3245 2880 3307 sacramentis
2924 3263 3021 3306 ar-

630 3445 644 3459 ·
683 3424 688 3429 .
785 3369 1016 3446 cessiti,
1079 3374 1198 3431 aut
1242 3389 1412 3431 unus
1456 3374 1572 3432 aut
1617 3370 1854 3452 plureS,
1902 3371 2039 3439 sive
2084 3373 2492 3451 spectatores,
2541 3371 2677 3431 sive
2718 3369 3022 3445 ministri,

786 3512 999 3576 neque
1058 3494 1191 3557 fere
1253 3490 1467 3557 ullum
1532 3499 1743 3557 exstat
1794 3498 2295 3571 sacramentum,
2364 3494 2548 3556 cuius
2592 3494 2832 3555 ultima
2876 3512 3025 3575 pars

787 3639 921 3682 non
983 3620 1066 3681 sit
1127 3619 1374 3682 donum
1423 3594 1529 3681 x'rel
1574 3620 1777 3698 cibus,
1825 3613 1954 3700 quo
2002 3594 2247 3681 summi
2294 3618 2539 3681 ordinis
2586 3618 2885 3681 homines
2930 3636 3025 3679 re-

789 3748 1174 3806 muneretur
1234 3743 1707 3825 paterfamilias
1774 3744 1911 3805 81νο
1977 3744 2115 3824 ipse
2181 3743 2586 3805 brahmanus
2654 3743 2791 3805 sive
2860 3742 3027 3804 alius

787 3869 872 3932 sit
917 3869 1169 3951 Dvijus.
1218 3868 1420 3931 Adest
1472 3874 1536 3932 et
1589 3888 1776 3947 uxor,
1826 3869 1936 3931 cui
1975 3886 2476 3949 nonnumquam
2517 3888 2711 3931 suum
2751 3867 2823 3928 in
2862 3884 3027 3930 cere-

789 3994 1018 4058 monia
1062 3994 1454 4058 attributum
1502 4000 1599 4057 est
1636 3981 1948 4071 officium,
1995 4012 2095 4056 res
2142 3986 2357 4075 digna,
2403 4011 2571 4074 quae
2609 3996 3027 4070 memoretur,

788 4124 1130 4215 propterea
1175 4120 1351 4200 quod
1395 4120 1670 4183 eandem
1712 4137 2046 4183 sacrorum
2087 4118 2674 4200 societatem'apud
2698 4118 3029 4180 Romanos

791 4248 1023 4307 sancto·
1074 4245 1487 4307 matrimonii
1548 4243 1815 4307 vinculo
1877 4244 2056 4307 nasci
2112 4242 2319 4306 solere
2364 4243 2625 4306 scimus,
2675 4241 2861 4321 Quae
2907 4242 3029 4303 diis

794 4370 1155 4433 offeruntur
1199 4389 1316 4452 pro
1364 4388 1435 4433 re
1480 4369 1793 4431 familiari
1838 4370 2115 4447 diversa,
2161 4367 2271 4432 sed
2316 4372 2504 4431 tanta
2538 4368 2609 4429 in
2648 4367 2729 4430 iis
2766 4366 3029 4450 permit-
