<?xml version="1.0" encoding="UTF-8"?>
<!DOCTYPE html PUBLIC "-//W3C//DTD XHTML 1.0 Transitional//EN"
    "http://www.w3.org/TR/xhtml1/DTD/xhtml1-transitional.dtd">
<html xmlns="http://www.w3.org/1999/xhtml" xml:lang="en" lang="en">
 <head>
  <title>
</title>
<meta http-equiv="Content-Type" content="text/html;charset=utf-8" />
  <meta name='ocr-system' content='tesseract 3.04.00' />
  <meta name='ocr-capabilities' content='ocr_page ocr_carea ocr_par ocr_line ocrx_word'/>
</head>
<body>
  <div class='ocr_page' id='page_1' title='image "./specimenliterar00speygoog_0130.png"; bbox 0 0 3325 5200; ppageno 0'>
   <div class='ocr_carea' id='block_1_1' title="bbox 1955 538 2081 598">
    <p class='ocr_par' dir='ltr' id='par_1_1' title="bbox 1955 538 2081 598">
     <span class='ocr_line' id='line_1_1' title="bbox 1955 538 2081 598; baseline 0 0"><span class='ocrx_word' id='word_1_1' title='bbox 1955 538 2081 598; x_wconf 87' lang='lat'><strong>118</strong></span> 
     </span>
    </p>
   </div>
   <div class='ocr_carea' id='block_1_2' title="bbox 903 743 3161 4207">
    <p class='ocr_par' dir='ltr' id='par_1_2' title="bbox 903 743 3161 4207">
     <span class='ocr_line' id='line_1_2' title="bbox 990 743 3152 829; baseline 0 -21"><span class='ocrx_word' id='word_1_2' title='bbox 990 745 1430 808; x_wconf 78' lang='lat' dir='ltr'><strong>Transeamus</strong></span> <span class='ocrx_word' id='word_1_3' title='bbox 1470 745 1555 808; x_wconf 90' lang='lat' dir='ltr'><strong>ad</strong></span> <span class='ocrx_word' id='word_1_4' title='bbox 1596 764 1862 808; x_wconf 88' lang='lat' dir='ltr'><strong>aurum.</strong></span> <span class='ocrx_word' id='word_1_5' title='bbox 1905 743 2098 826; x_wconf 70' lang='lat' dir='ltr'><strong>Quod</strong></span> <span class='ocrx_word' id='word_1_6' title='bbox 2141 747 2380 828; x_wconf 89' lang='lat' dir='ltr'><strong>quanti</strong></span> <span class='ocrx_word' id='word_1_7' title='bbox 2423 747 2498 808; x_wconf 91' lang='lat' dir='ltr'><strong>in</strong></span> <span class='ocrx_word' id='word_1_8' title='bbox 2539 745 2810 829; x_wconf 66' lang='lat' dir='ltr'><strong>pracani</strong></span> <span class='ocrx_word' id='word_1_9' title='bbox 2849 763 3152 808; x_wconf 88' lang='lat' dir='ltr'><strong>ceremo-</strong></span> 
     </span>
     <span class='ocr_line' id='line_1_3' title="bbox 903 869 3156 954; baseline 0.001 -22"><span class='ocrx_word' id='word_1_10' title='bbox 903 869 1017 933; x_wconf 87' lang='lat' dir='ltr'><strong>nia</strong></span> <span class='ocrx_word' id='word_1_11' title='bbox 1076 871 1163 933; x_wconf 91' lang='lat' dir='ltr'><strong>sit</strong></span> <span class='ocrx_word' id='word_1_12' title='bbox 1222 871 1547 934; x_wconf 82' lang='lat' dir='ltr'><strong>momenti</strong></span> <span class='ocrx_word' id='word_1_13' title='bbox 1605 869 1712 934; x_wconf 84' lang='lat' dir='ltr'><strong>vel</strong></span> <span class='ocrx_word' id='word_1_14' title='bbox 1775 889 1856 934; x_wconf 85' lang='lat' dir='ltr'><strong>ex</strong></span> <span class='ocrx_word' id='word_1_15' title='bbox 1910 889 1987 935; x_wconf 90' lang='lat' dir='ltr'><strong>eo</strong></span> <span class='ocrx_word' id='word_1_16' title='bbox 2029 875 2304 954; x_wconf 83' lang='lat' dir='ltr'><strong>apparet</strong></span> <span class='ocrx_word' id='word_1_17' title='bbox 2347 871 2526 954; x_wconf 92' lang='lat' dir='ltr'><strong>quod</strong></span> <span class='ocrx_word' id='word_1_18' title='bbox 2572 870 3016 953; x_wconf 79' lang='lat' dir='ltr'><strong>discrepantes</strong></span> <span class='ocrx_word' id='word_1_19' title='bbox 3061 871 3156 934; x_wconf 87' lang='lat' dir='ltr'><strong>de</strong></span> 
     </span>
     <span class='ocr_line' id='line_1_4' title="bbox 903 995 3156 1078; baseline 0.001 -21"><span class='ocrx_word' id='word_1_20' title='bbox 903 995 1185 1073; x_wconf 87' lang='lat' dir='ltr'><strong>ratione,</strong></span> <span class='ocrx_word' id='word_1_21' title='bbox 1232 1011 1365 1077; x_wconf 87' lang='lat' dir='ltr'><strong>qua</strong></span> <span class='ocrx_word' id='word_1_22' title='bbox 1410 995 1854 1078; x_wconf 85' lang='lat' dir='ltr'><strong>coniungatur</strong></span> <span class='ocrx_word' id='word_1_23' title='bbox 1899 996 2154 1078; x_wconf 86' lang='lat' dir='ltr'><strong>reliquo</strong></span> <span class='ocrx_word' id='word_1_24' title='bbox 2201 996 2370 1073; x_wconf 90' lang='lat' dir='ltr'><strong>cib0,</strong></span> <span class='ocrx_word' id='word_1_25' title='bbox 2415 995 2956 1078; x_wconf 77' lang='lat' dir='ltr'><strong>coniungendam</strong></span> <span class='ocrx_word' id='word_1_26' title='bbox 3005 1015 3156 1059; x_wconf 85' lang='lat' dir='ltr'><strong>esse</strong></span> 
     </span>
     <span class='ocr_line' id='line_1_5' title="bbox 904 1118 3156 1203; baseline 0 -19"><span class='ocrx_word' id='word_1_27' title='bbox 904 1139 1165 1184; x_wconf 89' lang='lat' dir='ltr'><strong>summo</strong></span> <span class='ocrx_word' id='word_1_28' title='bbox 1202 1137 1517 1183; x_wconf 88' lang='lat' dir='ltr'><strong>consensu</strong></span> <span class='ocrx_word' id='word_1_29' title='bbox 1556 1121 1998 1201; x_wconf 85' lang='lat' dir='ltr'><strong>pronuntiant</strong></span> <span class='ocrx_word' id='word_1_30' title='bbox 2033 1121 2312 1185; x_wconf 85' lang='lat' dir='ltr'><strong>scholae.</strong></span> <span class='ocrx_word' id='word_1_31' title='bbox 2351 1118 2532 1200; x_wconf 77' lang='lat' dir='ltr'><strong>Quid</strong></span> <span class='ocrx_word' id='word_1_32' title='bbox 2570 1121 2912 1203; x_wconf 84' lang='lat' dir='ltr'><strong>significet,</strong></span> <span class='ocrx_word' id='word_1_33' title='bbox 2943 1139 3156 1203; x_wconf 87' lang='lat' dir='ltr'><strong>quae·</strong></span> 
     </span>
     <span class='ocr_line' id='line_1_6' title="bbox 904 1243 3156 1329; baseline 0 -20"><span class='ocrx_word' id='word_1_34' title='bbox 904 1245 1204 1309; x_wconf 89' lang='lat' dir='ltr'><strong>rendum.</strong></span> <span class='ocrx_word' id='word_1_35' title='bbox 1267 1243 1553 1308; x_wconf 79' lang='lat' dir='ltr'><strong>Exstant</strong></span> <span class='ocrx_word' id='word_1_36' title='bbox 1604 1245 1906 1308; x_wconf 80' lang='lat' dir='ltr'><strong>carmina</strong></span> <span class='ocrx_word' id='word_1_37' title='bbox 1953 1245 2232 1328; x_wconf 86' lang='lat' dir='ltr'><strong>aliquot,</strong></span> <span class='ocrx_word' id='word_1_38' title='bbox 2277 1246 2522 1328; x_wconf 90' lang='lat' dir='ltr'><strong>quibus</strong></span> <span class='ocrx_word' id='word_1_39' title='bbox 2567 1245 2986 1310; x_wconf 87' lang='lat' dir='ltr'><strong>extolluntur</strong></span> <span class='ocrx_word' id='word_1_40' title='bbox 3031 1266 3156 1329; x_wconf 90' lang='lat' dir='ltr'><strong>po·</strong></span> 
     </span>
     <span class='ocr_line' id='line_1_7' title="bbox 908 1369 3154 1454; baseline 0 -20"><span class='ocrx_word' id='word_1_41' title='bbox 908 1375 1175 1434; x_wconf 87' lang='lat' dir='ltr'><strong>testates</strong></span> <span class='ocrx_word' id='word_1_42' title='bbox 1209 1371 1397 1433; x_wconf 90' lang='lat' dir='ltr'><strong>aurei</strong></span> <span class='ocrx_word' id='word_1_43' title='bbox 1432 1371 1575 1434; x_wconf 85' lang='lat' dir='ltr'><strong>sive</strong></span> <span class='ocrx_word' id='word_1_44' title='bbox 1612 1371 1866 1453; x_wconf 80' lang='lat' dir='ltr'><strong>torquis</strong></span> <span class='ocrx_word' id='word_1_45' title='bbox 1904 1371 2043 1434; x_wconf 87' lang='lat' dir='ltr'><strong>sive</strong></span> <span class='ocrx_word' id='word_1_46' title='bbox 2080 1371 2356 1454; x_wconf 89' lang='lat' dir='ltr'><strong>globuli,</strong></span> <span class='ocrx_word' id='word_1_47' title='bbox 2395 1390 2701 1454; x_wconf 87' lang='lat' dir='ltr'><strong>quaeque</strong></span> <span class='ocrx_word' id='word_1_48' title='bbox 2734 1390 2982 1434; x_wconf 89' lang='lat' dir='ltr'><strong>aurum</strong></span> <span class='ocrx_word' id='word_1_49' title='bbox 3003 1369 3154 1434; x_wconf 87' lang='lat' dir='ltr'><strong>red-</strong></span> 
     </span>
     <span class='ocr_line' id='line_1_8' title="bbox 906 1497 3154 1578; baseline -0 -17"><span class='ocrx_word' id='word_1_50' title='bbox 906 1498 1075 1561; x_wconf 90' lang='lat' dir='ltr'><strong>dunt</strong></span> <span class='ocrx_word' id='word_1_51' title='bbox 1113 1497 1355 1560; x_wconf 85' lang='lat' dir='ltr'><strong>efficax.</strong></span> <span class='ocrx_word' id='word_1_52' title='bbox 1387 1497 1507 1559; x_wconf 87' lang='lat' dir='ltr'><strong>Est</strong></span> <span class='ocrx_word' id='word_1_53' title='bbox 1543 1497 1722 1560; x_wconf 89' lang='lat' dir='ltr'><strong>enim</strong></span> <span class='ocrx_word' id='word_1_54' title='bbox 1759 1516 2000 1560; x_wconf 85' lang='lat' dir='ltr'><strong>aurum</strong></span> <span class='ocrx_word' id='word_1_55' title='bbox 2027 1497 2400 1560; x_wconf 89' lang='lat' dir='ltr'><strong>remedium</strong></span> <span class='ocrx_word' id='word_1_56' title='bbox 2418 1497 2769 1574; x_wconf 88' lang='lat' dir='ltr'><strong>malorum,</strong></span> <span class='ocrx_word' id='word_1_57' title='bbox 2794 1497 2976 1560; x_wconf 87' lang='lat' dir='ltr'><strong>vitae</strong></span> <span class='ocrx_word' id='word_1_58' title='bbox 2997 1515 3154 1578; x_wconf 89' lang='lat' dir='ltr'><strong>pro-</strong></span> 
     </span>
     <span class='ocr_line' id='line_1_9' title="bbox 907 1621 3152 1706; baseline 0.001 -21"><span class='ocrx_word' id='word_1_59' title='bbox 907 1622 1159 1700; x_wconf 90' lang='lat' dir='ltr'><strong>ductor,</strong></span> <span class='ocrx_word' id='word_1_60' title='bbox 1198 1621 1470 1701; x_wconf 85' lang='lat' dir='ltr'><strong>virium,</strong></span> <span class='ocrx_word' id='word_1_61' title='bbox 1518 1641 1743 1703; x_wconf 88' lang='lat' dir='ltr'><strong>opum,</strong></span> <span class='ocrx_word' id='word_1_62' title='bbox 1792 1622 2078 1705; x_wconf 88' lang='lat' dir='ltr'><strong>denique</strong></span> <span class='ocrx_word' id='word_1_63' title='bbox 2123 1624 2430 1687; x_wconf 89' lang='lat' dir='ltr'><strong>omnium</strong></span> <span class='ocrx_word' id='word_1_64' title='bbox 2477 1624 2810 1686; x_wconf 89' lang='lat' dir='ltr'><strong>bonorum</strong></span> <span class='ocrx_word' id='word_1_65' title='bbox 2849 1628 3152 1706; x_wconf 85' lang='lat' dir='ltr'><strong>parator.</strong></span> 
     </span>
     <span class='ocr_line' id='line_1_10' title="bbox 910 1747 3155 1831; baseline 0 -20"><span class='ocrx_word' id='word_1_66' title='bbox 910 1747 1373 1811; x_wconf 68' lang='lat' dir='ltr'><strong>Samavartani</strong></span> <span class='ocrx_word' id='word_1_67' title='bbox 1390 1752 1901 1825; x_wconf 84' lang='lat' dir='ltr'><strong>sacramentum,</strong></span> <span class='ocrx_word' id='word_1_68' title='bbox 1919 1747 2098 1830; x_wconf 91' lang='lat' dir='ltr'><strong>quod</strong></span> <span class='ocrx_word' id='word_1_69' title='bbox 2115 1753 2344 1812; x_wconf 85' lang='lat' dir='ltr'><strong>exacto</strong></span> <span class='ocrx_word' id='word_1_70' title='bbox 2371 1748 2656 1812; x_wconf 87' lang='lat' dir='ltr'><strong>discendi</strong></span> <span class='ocrx_word' id='word_1_71' title='bbox 2685 1752 2981 1830; x_wconf 88' lang='lat' dir='ltr'><strong>tempore</strong></span> <span class='ocrx_word' id='word_1_72' title='bbox 3003 1769 3155 1831; x_wconf 89' lang='lat' dir='ltr'><strong>per-</strong></span> 
     </span>
     <span class='ocr_line' id='line_1_11' title="bbox 908 1872 3154 1957; baseline 0 -20"><span class='ocrx_word' id='word_1_73' title='bbox 908 1874 1045 1957; x_wconf 82' lang='lat' dir='ltr'><strong>agit</strong></span> <span class='ocrx_word' id='word_1_74' title='bbox 1100 1872 1461 1955; x_wconf 89' lang='lat' dir='ltr'><strong>discipulus</strong></span> <span class='ocrx_word' id='word_1_75' title='bbox 1506 1873 1903 1936; x_wconf 80' lang='lat' dir='ltr'><strong>discessurus</strong></span> <span class='ocrx_word' id='word_1_76' title='bbox 1953 1892 1994 1936; x_wconf 86' lang='lat' dir='ltr'><strong>a</strong></span> <span class='ocrx_word' id='word_1_77' title='bbox 2027 1873 2344 1956; x_wconf 87' lang='lat' dir='ltr'><strong>magistro</strong></span> <span class='ocrx_word' id='word_1_78' title='bbox 2386 1874 2562 1936; x_wconf 89' lang='lat' dir='ltr'><strong>inter</strong></span> <span class='ocrx_word' id='word_1_79' title='bbox 2601 1873 2734 1936; x_wconf 80' lang='lat' dir='ltr'><strong>alia.</strong></span> <span class='ocrx_word' id='word_1_80' title='bbox 2769 1874 2972 1938; x_wconf 85' lang='lat' dir='ltr'><strong>habet</strong></span> <span class='ocrx_word' id='word_1_81' title='bbox 3009 1874 3154 1957; x_wconf 88' lang='lat' dir='ltr'><strong>glo-</strong></span> 
     </span>
     <span class='ocr_line' id='line_1_12' title="bbox 904 1995 3154 2081; baseline 0 -18"><span class='ocrx_word' id='word_1_82' title='bbox 904 1999 1149 2063; x_wconf 89' lang='lat' dir='ltr'><strong>bulum</strong></span> <span class='ocrx_word' id='word_1_83' title='bbox 1210 2017 1489 2062; x_wconf 89' lang='lat' dir='ltr'><strong>aureum</strong></span> <span class='ocrx_word' id='word_1_84' title='bbox 1546 1998 1713 2062; x_wconf 90' lang='lat' dir='ltr'><strong>collo</strong></span> <span class='ocrx_word' id='word_1_85' title='bbox 1761 1997 2246 2062; x_wconf 88' lang='lat' dir='ltr'><strong>circumdatum</strong></span> <span class='ocrx_word' id='word_1_86' title='bbox 2294 1995 2369 2081; x_wconf 84' lang='lat'><strong>1).</strong></span> <span class='ocrx_word' id='word_1_87' title='bbox 2415 1998 2514 2062; x_wconf 88' lang='lat' dir='ltr'><strong>Eo</strong></span> <span class='ocrx_word' id='word_1_88' title='bbox 2561 2017 2629 2062; x_wconf 89' lang='lat' dir='ltr'><strong>se</strong></span> <span class='ocrx_word' id='word_1_89' title='bbox 2671 2004 2950 2062; x_wconf 84' lang='lat' dir='ltr'><strong>exornat</strong></span> <span class='ocrx_word' id='word_1_90' title='bbox 2994 2000 3154 2063; x_wconf 85' lang='lat' dir='ltr'><strong>ado-</strong></span> 
     </span>
     <span class='ocr_line' id='line_1_13' title="bbox 908 2101 3154 2206; baseline 0 -20"><span class='ocrx_word' id='word_1_91' title='bbox 908 2124 1175 2202; x_wconf 89' lang='lat' dir='ltr'><strong>lescens,</strong></span> <span class='ocrx_word' id='word_1_92' title='bbox 1215 2123 1580 2205; x_wconf 84' lang='lat' dir='ltr'><strong>recitatque</strong></span> <span class='ocrx_word' id='word_1_93' title='bbox 1622 2143 1891 2187; x_wconf 86' lang='lat' dir='ltr'><strong>carmen</strong></span> <span class='ocrx_word' id='word_1_94' title='bbox 1929 2101 2070 2187; x_wconf 86' lang='lat' dir='ltr'><strong>eius</strong></span> <span class='ocrx_word' id='word_1_95' title='bbox 2101 2124 2358 2206; x_wconf 89' lang='lat' dir='ltr'><strong>generis</strong></span> <span class='ocrx_word' id='word_1_96' title='bbox 2388 2123 2563 2206; x_wconf 89' lang='lat' dir='ltr'><strong>quod</strong></span> <span class='ocrx_word' id='word_1_97' title='bbox 2587 2123 2782 2187; x_wconf 91' lang='lat' dir='ltr'><strong>modo</strong></span> <span class='ocrx_word' id='word_1_98' title='bbox 2807 2124 2968 2202; x_wconf 81' lang='lat' dir='ltr'><strong>dixi,</strong></span> <span class='ocrx_word' id='word_1_99' title='bbox 2995 2145 3154 2189; x_wconf 89' lang='lat' dir='ltr'><strong>con-</strong></span> 
     </span>
     <span class='ocr_line' id='line_1_14' title="bbox 908 2225 3156 2332; baseline 0 -19"><span class='ocrx_word' id='word_1_100' title='bbox 908 2253 1139 2313; x_wconf 85' lang='lat' dir='ltr'><strong>flatum</strong></span> <span class='ocrx_word' id='word_1_101' title='bbox 1192 2225 1487 2331; x_wconf 83' lang='lat' dir='ltr'><strong>undique</strong></span> <span class='ocrx_word' id='word_1_102' title='bbox 1536 2250 1811 2313; x_wconf 86' lang='lat' dir='ltr'><strong>corrasis</strong></span> <span class='ocrx_word' id='word_1_103' title='bbox 1850 2250 2168 2327; x_wconf 77' lang='lat' dir='ltr'><strong>versibuS‚</strong></span> <span class='ocrx_word' id='word_1_104' title='bbox 2207 2249 2440 2312; x_wconf 88' lang='lat' dir='ltr'><strong>multis</strong></span> <span class='ocrx_word' id='word_1_105' title='bbox 2485 2250 2918 2332; x_wconf 85' lang='lat' dir='ltr'><strong>inquinatum</strong></span> <span class='ocrx_word' id='word_1_106' title='bbox 2966 2251 3156 2313; x_wconf 88' lang='lat' dir='ltr'><strong>vitiis</strong></span> 
     </span>
     <span class='ocr_line' id='line_1_15' title="bbox 915 2362 3154 2458; baseline 0.003 -22"><span class='ocrx_word' id='word_1_107' title='bbox 915 2375 1070 2457; x_wconf 87' lang='lat' dir='ltr'><strong>(vid.</strong></span> <span class='ocrx_word' id='word_1_108' title='bbox 1130 2374 1449 2438; x_wconf 87' lang='lat' dir='ltr'><strong>Stenzleri</strong></span> <span class='ocrx_word' id='word_1_109' title='bbox 1488 2394 1643 2437; x_wconf 89' lang='lat' dir='ltr'><strong>ann.</strong></span> <span class='ocrx_word' id='word_1_110' title='bbox 1693 2375 1776 2437; x_wconf 87' lang='lat' dir='ltr'><strong>ad</strong></span> <span class='ocrx_word' id='word_1_111' title='bbox 1816 2362 1976 2458; x_wconf 67' lang='grc' dir='ltr'><strong>Ᾰᾳν.</strong></span> <span class='ocrx_word' id='word_1_112' title='bbox 2017 2373 2222 2456; x_wconf 81' lang='lat' dir='ltr'><strong>Grhy.</strong></span> <span class='ocrx_word' id='word_1_113' title='bbox 2261 2374 2381 2452; x_wconf 87' lang='grc' dir='ltr'>ΙΙΙ,</span> <span class='ocrx_word' id='word_1_114' title='bbox 2417 2375 2475 2454; x_wconf 89' lang='lat'><strong>8,</strong></span> <span class='ocrx_word' id='word_1_115' title='bbox 2515 2377 2618 2453; x_wconf 77' lang='lat'><strong>21,</strong></span> <span class='ocrx_word' id='word_1_116' title='bbox 2651 2395 2796 2458; x_wconf 86' lang='lat' dir='ltr'><strong>pag.</strong></span> <span class='ocrx_word' id='word_1_117' title='bbox 2827 2377 2954 2439; x_wconf 69' lang='lat'><strong>104</strong></span> <span class='ocrx_word' id='word_1_118' title='bbox 2977 2397 3154 2442; x_wconf 84' lang='lat' dir='ltr'><strong>vers.</strong></span> 
     </span>
     <span class='ocr_line' id='line_1_16' title="bbox 908 2498 3156 2584; baseline 0.001 -21"><span class='ocrx_word' id='word_1_119' title='bbox 908 2500 1165 2584; x_wconf 69' lang='lat' dir='ltr'><strong>germ).</strong></span> <span class='ocrx_word' id='word_1_120' title='bbox 1230 2498 1488 2563; x_wconf 83' lang='lat' dir='ltr'><strong>Nomen</strong></span> <span class='ocrx_word' id='word_1_121' title='bbox 1550 2503 1649 2563; x_wconf 91' lang='lat' dir='ltr'><strong>est</strong></span> <span class='ocrx_word' id='word_1_122' title='bbox 1718 2501 1779 2562; x_wconf 92' lang='lat' dir='ltr'><strong>ei</strong></span> <span class='ocrx_word' id='word_1_123' title='bbox 1823 2499 2088 2584; x_wconf 69' lang='lat' dir='ltr'><strong>dyashyq</strong></span> <span class='ocrx_word' id='word_1_124' title='bbox 2099 2526 2117 2577; x_wconf 84' lang='lat'>3</span> <span class='ocrx_word' id='word_1_125' title='bbox 2163 2500 2249 2563; x_wconf 85' lang='lat' dir='ltr'><strong>ab</strong></span> <span class='ocrx_word' id='word_1_126' title='bbox 2291 2499 2415 2564; x_wconf 91' lang='lat' dir='ltr'><strong>hoc</strong></span> <span class='ocrx_word' id='word_1_127' title='bbox 2463 2501 2642 2564; x_wconf 87' lang='lat' dir='ltr'><strong>enim</strong></span> <span class='ocrx_word' id='word_1_128' title='bbox 2683 2502 3010 2566; x_wconf 89' lang='lat' dir='ltr'><strong>vocabulo</strong></span> <span class='ocrx_word' id='word_1_129' title='bbox 3049 2503 3156 2565; x_wconf 92' lang='lat' dir='ltr'><strong>in-</strong></span> 
     </span>
     <span class='ocr_line' id='line_1_17' title="bbox 912 2622 3156 2709; baseline -0 -19"><span class='ocrx_word' id='word_1_130' title='bbox 912 2626 1093 2708; x_wconf 83' lang='lat' dir='ltr'><strong>cipit.</strong></span> <span class='ocrx_word' id='word_1_131' title='bbox 1156 2622 1349 2706; x_wconf 72' lang='lat' dir='ltr'><strong>Quod</strong></span> <span class='ocrx_word' id='word_1_132' title='bbox 1410 2626 1465 2688; x_wconf 89' lang='lat' dir='ltr'><strong>si</strong></span> <span class='ocrx_word' id='word_1_133' title='bbox 1528 2626 1751 2688; x_wconf 89' lang='lat' dir='ltr'><strong>minus</strong></span> <span class='ocrx_word' id='word_1_134' title='bbox 1814 2626 2050 2690; x_wconf 89' lang='lat' dir='ltr'><strong>misere</strong></span> <span class='ocrx_word' id='word_1_135' title='bbox 2111 2625 2422 2689; x_wconf 87' lang='lat' dir='ltr'><strong>habitum</strong></span> <span class='ocrx_word' id='word_1_136' title='bbox 2469 2630 2654 2704; x_wconf 85' lang='lat' dir='ltr'><strong>esset,</strong></span> <span class='ocrx_word' id='word_1_137' title='bbox 2700 2645 2917 2709; x_wconf 89' lang='lat' dir='ltr'><strong>neque</strong></span> <span class='ocrx_word' id='word_1_138' title='bbox 2965 2628 3156 2691; x_wconf 87' lang='lat' dir='ltr'><strong>char-</strong></span> 
     </span>
     <span class='ocr_line' id='line_1_18' title="bbox 914 2751 3154 2834; baseline 0 -19"><span class='ocrx_word' id='word_1_139' title='bbox 914 2757 1021 2817; x_wconf 86' lang='lat' dir='ltr'><strong>tae</strong></span> <span class='ocrx_word' id='word_1_140' title='bbox 1081 2752 1250 2815; x_wconf 90' lang='lat' dir='ltr'><strong>mihi</strong></span> <span class='ocrx_word' id='word_1_141' title='bbox 1309 2756 1477 2815; x_wconf 88' lang='lat' dir='ltr'><strong>esset</strong></span> <span class='ocrx_word' id='word_1_142' title='bbox 1535 2751 1963 2834; x_wconf 85' lang='lat' dir='ltr'><strong>parcendum,</strong></span> <span class='ocrx_word' id='word_1_143' title='bbox 2020 2752 2127 2815; x_wconf 85' lang='lat' dir='ltr'><strong>vel</strong></span> <span class='ocrx_word' id='word_1_144' title='bbox 2187 2755 2402 2815; x_wconf 92' lang='lat' dir='ltr'><strong>totum</strong></span> <span class='ocrx_word' id='word_1_145' title='bbox 2463 2752 2826 2815; x_wconf 82' lang='lat' dir='ltr'><strong>exscribere</strong></span> <span class='ocrx_word' id='word_1_146' title='bbox 2874 2753 3154 2832; x_wconf 82' lang='lat' dir='ltr'><strong>vellem3</strong></span> 
     </span>
     <span class='ocr_line' id='line_1_19' title="bbox 912 2877 3158 2960; baseline 0 -19"><span class='ocrx_word' id='word_1_147' title='bbox 912 2878 1073 2942; x_wconf 86' lang='lat' dir='ltr'><strong>adeo</strong></span> <span class='ocrx_word' id='word_1_148' title='bbox 1134 2877 1465 2960; x_wconf 85' lang='lat' dir='ltr'><strong>praeclare</strong></span> <span class='ocrx_word' id='word_1_149' title='bbox 1518 2878 1661 2939; x_wconf 82' lang='lat' dir='ltr'><strong>vim</strong></span> <span class='ocrx_word' id='word_1_150' title='bbox 1721 2877 1872 2939; x_wconf 86' lang='lat' dir='ltr'><strong>auri</strong></span> <span class='ocrx_word' id='word_1_151' title='bbox 1934 2878 2238 2942; x_wconf 87' lang='lat' dir='ltr'><strong>ostendit.</strong></span> <span class='ocrx_word' id='word_1_152' title='bbox 2297 2878 2524 2941; x_wconf 89' lang='lat' dir='ltr'><strong>Primo</strong></span> <span class='ocrx_word' id='word_1_153' title='bbox 2573 2878 2716 2942; x_wconf 89' lang='lat' dir='ltr'><strong>loco</strong></span> <span class='ocrx_word' id='word_1_154' title='bbox 2762 2879 2877 2941; x_wconf 89' lang='lat' dir='ltr'><strong>dat</strong></span> <span class='ocrx_word' id='word_1_155' title='bbox 2922 2880 3158 2943; x_wconf 86' lang='lat' dir='ltr'><strong>omnia.</strong></span> 
     </span>
     <span class='ocr_line' id='line_1_20' title="bbox 912 3002 3156 3085; baseline -0 -17"><span class='ocrx_word' id='word_1_156' title='bbox 912 3004 1089 3068; x_wconf 88' lang='lat' dir='ltr'><strong>bona</strong></span> <span class='ocrx_word' id='word_1_157' title='bbox 1115 3002 1271 3084; x_wconf 89' lang='lat' dir='ltr'><strong>(vid.</strong></span> <span class='ocrx_word' id='word_1_158' title='bbox 1295 3003 1367 3065; x_wconf 93' lang='lat' dir='ltr'><strong>in</strong></span> <span class='ocrx_word' id='word_1_159' title='bbox 1390 3004 1585 3084; x_wconf 86' lang='lat' dir='ltr'><strong>Pray.</strong></span> <span class='ocrx_word' id='word_1_160' title='bbox 1610 3002 1811 3066; x_wconf 82' lang='lat' dir='ltr'><strong>Ratn.</strong></span> <span class='ocrx_word' id='word_1_161' title='bbox 1829 3022 1974 3085; x_wconf 85' lang='lat' dir='ltr'><strong>pag.</strong></span> <span class='ocrx_word' id='word_1_162' title='bbox 1997 3004 2077 3064; x_wconf 77' lang='lat'><strong>62</strong></span> <span class='ocrx_word' id='word_1_163' title='bbox 2104 3002 2274 3066; x_wconf 89' lang='lat' dir='ltr'><strong>med.</strong></span> <span class='ocrx_word' id='word_1_164' title='bbox 2299 3002 2613 3066; x_wconf 84' lang='lat' dir='ltr'><strong>carminis</strong></span> <span class='ocrx_word' id='word_1_165' title='bbox 2636 3002 3030 3084; x_wconf 67' lang='lat' dir='ltr'><strong>„ayushya”</strong></span> <span class='ocrx_word' id='word_1_166' title='bbox 3053 3024 3156 3067; x_wconf 80' lang='lat' dir='ltr'><strong>vs,</strong></span> 
     </span>
     <span class='ocr_line' id='line_1_21' title="bbox 918 3126 3160 3211; baseline -0.001 -18"><span class='ocrx_word' id='word_1_167' title='bbox 918 3131 976 3208; x_wconf 91' lang='lat'><strong>1,</strong></span> <span class='ocrx_word' id='word_1_168' title='bbox 1001 3130 1077 3193; x_wconf 84' lang='lat' dir='ltr'><strong>cf.</strong></span> <span class='ocrx_word' id='word_1_169' title='bbox 1105 3129 1380 3193; x_wconf 84' lang='lat' dir='ltr'><strong>Atharv.</strong></span> <span class='ocrx_word' id='word_1_170' title='bbox 1409 3129 1486 3207; x_wconf 92' lang='lat' dir='ltr'><strong>V,</strong></span> <span class='ocrx_word' id='word_1_171' title='bbox 1514 3130 1616 3205; x_wconf 78' lang='lat'><strong>28,</strong></span> <span class='ocrx_word' id='word_1_172' title='bbox 1646 3129 1777 3211; x_wconf 82' lang='lat'><em>14),</em></span> <span class='ocrx_word' id='word_1_173' title='bbox 1824 3148 1983 3191; x_wconf 86' lang='lat' dir='ltr'><strong>nam</strong></span> <span class='ocrx_word' id='word_1_174' title='bbox 2019 3128 2252 3191; x_wconf 70' lang='lat' dir='ltr'><strong>sarvdh</strong></span> <span class='ocrx_word' id='word_1_175' title='bbox 2289 3129 2570 3209; x_wconf 69' lang='lat' dir='ltr'><strong>samayrd</strong></span> <span class='ocrx_word' id='word_1_176' title='bbox 2597 3129 2860 3211; x_wconf 71' lang='lat' dir='ltr'><strong>rddbayo</strong></span> <span class='ocrx_word' id='word_1_177' title='bbox 2897 3126 3160 3210; x_wconf 61' lang='lat' dir='ltr'><strong>kiransse</strong></span> 
     </span>
     <span class='ocr_line' id='line_1_22' title="bbox 913 3253 3161 3336; baseline -0 -18"><span class='ocrx_word' id='word_1_178' title='bbox 913 3254 1085 3318; x_wconf 67' lang='lat' dir='ltr'><strong>’emin</strong></span> <span class='ocrx_word' id='word_1_179' title='bbox 1126 3253 1495 3333; x_wconf 67' lang='lat' dir='ltr'><strong>mmdlzitdh,</strong></span> <span class='ocrx_word' id='word_1_180' title='bbox 1544 3254 1818 3332; x_wconf 89' lang='lat' dir='ltr'><strong>„omnis</strong></span> <span class='ocrx_word' id='word_1_181' title='bbox 1867 3254 2140 3317; x_wconf 89' lang='lat' dir='ltr'><strong>omnino</strong></span> <span class='ocrx_word' id='word_1_182' title='bbox 2181 3254 2576 3336; x_wconf 84' lang='lat' dir='ltr'><strong>prosperitas</strong></span> <span class='ocrx_word' id='word_1_183' title='bbox 2613 3254 2733 3317; x_wconf 87' lang='lat' dir='ltr'><strong>hoc</strong></span> <span class='ocrx_word' id='word_1_184' title='bbox 2772 3256 3161 3319; x_wconf 87' lang='lat' dir='ltr'><strong>continetur</strong></span> 
     </span>
     <span class='ocr_line' id='line_1_23' title="bbox 915 3378 3157 3461; baseline 0 -19"><span class='ocrx_word' id='word_1_185' title='bbox 915 3380 1133 3443; x_wconf 77' lang='lat' dir='ltr'><strong>auro³⁹</strong></span> <span class='ocrx_word' id='word_1_186' title='bbox 1200 3378 1355 3461; x_wconf 88' lang='lat' dir='ltr'><strong>(vid.</strong></span> <span class='ocrx_word' id='word_1_187' title='bbox 1391 3380 1704 3442; x_wconf 83' lang='lat' dir='ltr'><strong>carminis</strong></span> <span class='ocrx_word' id='word_1_188' title='bbox 1736 3400 1830 3442; x_wconf 80' lang='lat' dir='ltr'><strong>vs,</strong></span> <span class='ocrx_word' id='word_1_189' title='bbox 1869 3379 2067 3461; x_wconf 78' lang='lat' dir='ltr'><strong>2‚b.).</strong></span> <span class='ocrx_word' id='word_1_190' title='bbox 2127 3380 2302 3442; x_wconf 90' lang='lat' dir='ltr'><strong>Tum</strong></span> <span class='ocrx_word' id='word_1_191' title='bbox 2371 3379 2579 3443; x_wconf 86' lang='lat' dir='ltr'><strong>malos</strong></span> <span class='ocrx_word' id='word_1_192' title='bbox 2637 3380 3010 3459; x_wconf 78' lang='lat' dir='ltr'><strong>daemoneS,</strong></span> <span class='ocrx_word' id='word_1_193' title='bbox 3061 3380 3157 3443; x_wconf 87' lang='lat' dir='ltr'><strong>la·</strong></span> 
     </span>
     <span class='ocr_line' id='line_1_24' title="bbox 917 3498 3155 3587; baseline 0.001 -21"><span class='ocrx_word' id='word_1_194' title='bbox 917 3505 1103 3582; x_wconf 78' lang='lat' dir='ltr'><strong>inias,</strong></span> <span class='ocrx_word' id='word_1_195' title='bbox 1164 3504 1311 3567; x_wconf 87' lang='lat' dir='ltr'><strong>sim.</strong></span> <span class='ocrx_word' id='word_1_196' title='bbox 1374 3502 1686 3586; x_wconf 90' lang='lat' dir='ltr'><strong>propellit</strong></span> <span class='ocrx_word' id='word_1_197' title='bbox 1747 3508 1814 3566; x_wconf 92' lang='lat' dir='ltr'><strong>et</strong></span> <span class='ocrx_word' id='word_1_198' title='bbox 1873 3505 2156 3580; x_wconf 89' lang='lat' dir='ltr'><strong>morbos,</strong></span> <span class='ocrx_word' id='word_1_199' title='bbox 2219 3526 2299 3566; x_wconf 85' lang='lat' dir='ltr'><strong>na</strong></span> <span class='ocrx_word' id='word_1_200' title='bbox 2361 3506 2473 3567; x_wconf 79' lang='lat' dir='ltr'><strong>tad</strong></span> <span class='ocrx_word' id='word_1_201' title='bbox 2509 3504 2856 3567; x_wconf 68' lang='lat' dir='ltr'><strong>rakska‘msi</strong></span> <span class='ocrx_word' id='word_1_202' title='bbox 2883 3498 3155 3587; x_wconf 50' lang='lat' dir='ltr'><strong>pispdedh</strong></span> 
     </span>
     <span class='ocr_line' id='line_1_25' title="bbox 916 3627 3158 3712; baseline 0.001 -21"><span class='ocrx_word' id='word_1_203' title='bbox 916 3629 1182 3705; x_wconf 77' lang='lat' dir='ltr'><strong>sahante,</strong></span> <span class='ocrx_word' id='word_1_204' title='bbox 1245 3647 1433 3705; x_wconf 89' lang='lat' dir='ltr'><strong>„non</strong></span> <span class='ocrx_word' id='word_1_205' title='bbox 1495 3629 1825 3691; x_wconf 88' lang='lat' dir='ltr'><strong>sustinent</strong></span> <span class='ocrx_word' id='word_1_206' title='bbox 1883 3627 1953 3690; x_wconf 90' lang='lat' dir='ltr'><strong>id</strong></span> <span class='ocrx_word' id='word_1_207' title='bbox 2012 3628 2324 3692; x_wconf 85' lang='lat' dir='ltr'><strong>malevoli</strong></span> <span class='ocrx_word' id='word_1_208' title='bbox 2379 3628 2804 3694; x_wconf 88' lang='lat' dir='ltr'><strong>daemones”.</strong></span> <span class='ocrx_word' id='word_1_209' title='bbox 2849 3630 3158 3712; x_wconf 90' lang='lat' dir='ltr'><strong>Denique</strong></span> 
     </span>
     <span class='ocr_line' id='line_1_26' title="bbox 918 3752 3160 3839; baseline 0.002 -25"><span class='ocrx_word' id='word_1_210' title='bbox 918 3752 1130 3815; x_wconf 86' lang='lat' dir='ltr'><strong>reddit</strong></span> <span class='ocrx_word' id='word_1_211' title='bbox 1154 3753 1364 3815; x_wconf 86' lang='lat' dir='ltr'><strong>vitam</strong></span> <span class='ocrx_word' id='word_1_212' title='bbox 1390 3752 1679 3836; x_wconf 87' lang='lat' dir='ltr'><strong>longam,</strong></span> <span class='ocrx_word' id='word_1_213' title='bbox 1709 3752 1864 3833; x_wconf 90' lang='lat' dir='ltr'><strong>(vid.</strong></span> <span class='ocrx_word' id='word_1_214' title='bbox 1892 3752 2202 3816; x_wconf 86' lang='lat' dir='ltr'><strong>carminis</strong></span> <span class='ocrx_word' id='word_1_215' title='bbox 2228 3772 2319 3817; x_wconf 81' lang='lat' dir='ltr'><strong>vs,</strong></span> <span class='ocrx_word' id='word_1_216' title='bbox 2349 3752 2385 3814; x_wconf 93' lang='grc'><strong>8</strong></span> <span class='ocrx_word' id='word_1_217' title='bbox 2416 3778 2502 3811; x_wconf 88' lang='grc'><strong>--.-</strong></span> <span class='ocrx_word' id='word_1_218' title='bbox 2526 3752 2606 3817; x_wconf 88' lang='lat' dir='ltr'><strong>A.</strong></span> <span class='ocrx_word' id='word_1_219' title='bbox 2624 3754 2704 3817; x_wconf 88' lang='lat' dir='ltr'><strong>V.</strong></span> <span class='ocrx_word' id='word_1_220' title='bbox 2724 3753 2775 3832; x_wconf 90' lang='grc' dir='ltr'><strong>Ι,</strong></span> <span class='ocrx_word' id='word_1_221' title='bbox 2804 3754 2908 3833; x_wconf 87' lang='grc'><strong>35,</strong></span> <span class='ocrx_word' id='word_1_222' title='bbox 2937 3755 3001 3839; x_wconf 91' lang='grc'><strong>1)</strong></span> <span class='ocrx_word' id='word_1_223' title='bbox 3029 3756 3160 3818; x_wconf 87' lang='lat' dir='ltr'><strong>effi-</strong></span> 
     </span>
     <span class='ocr_line' id='line_1_27' title="bbox 918 3851 3160 3967; baseline 0.001 -28"><span class='ocrx_word' id='word_1_224' title='bbox 918 3851 1237 3940; x_wconf 23' lang='lat' dir='ltr'><strong>cit-amrta</strong></span> <span class='ocrx_word' id='word_1_225' title='bbox 1268 3877 1580 3958; x_wconf 87' lang='lat' dir='ltr'><strong>portanti.</strong></span> <span class='ocrx_word' id='word_1_226' title='bbox 1606 3876 1685 3939; x_wconf 90' lang='lat' dir='ltr'><strong>In</strong></span> <span class='ocrx_word' id='word_1_227' title='bbox 1711 3874 1856 3967; x_wconf 65' lang='lat' dir='ltr'><strong>Cat.</strong></span> <span class='ocrx_word' id='word_1_228' title='bbox 1880 3876 2148 3940; x_wconf 69' lang='lat' dir='ltr'><strong>Brahm.</strong></span> <span class='ocrx_word' id='word_1_229' title='bbox 2173 3877 2252 3953; x_wconf 90' lang='lat' dir='ltr'><strong>V,</strong></span> <span class='ocrx_word' id='word_1_230' title='bbox 2281 3879 2339 3955; x_wconf 78' lang='lat'><strong>2,</strong></span> <span class='ocrx_word' id='word_1_231' title='bbox 2369 3878 2426 3954; x_wconf 85' lang='lat'><strong>1,</strong></span> <span class='ocrx_word' id='word_1_232' title='bbox 2456 3876 2536 3938; x_wconf 79' lang='lat'><strong>20</strong></span> <span class='ocrx_word' id='word_1_233' title='bbox 2587 3878 2901 3960; x_wconf 86' lang='lat' dir='ltr'><strong>expressis</strong></span> <span class='ocrx_word' id='word_1_234' title='bbox 2937 3880 3160 3943; x_wconf 88' lang='lat' dir='ltr'><strong>verbis</strong></span> 
     </span>
     <span class='ocr_line' id='line_1_28' title="bbox 920 4002 3158 4089; baseline 0.002 -24"><span class='ocrx_word' id='word_1_235' title='bbox 920 4004 1239 4083; x_wconf 81' lang='lat' dir='ltr'><strong>scriptum</strong></span> <span class='ocrx_word' id='word_1_236' title='bbox 1302 4007 1428 4067; x_wconf 86' lang='lat' dir='ltr'><strong>est:</strong></span> <span class='ocrx_word' id='word_1_237' title='bbox 1481 4009 1731 4066; x_wconf 76' lang='lat' dir='ltr'><strong>amrtam</strong></span> <span class='ocrx_word' id='word_1_238' title='bbox 1777 4008 1929 4086; x_wconf 62' lang='grc' dir='ltr'><strong>ἄψιν</strong></span> <span class='ocrx_word' id='word_1_239' title='bbox 1974 4002 2327 4086; x_wconf 66' lang='grc' dir='ltr'><strong>Ιιὴηῐψιιῐῐι,</strong></span> <span class='ocrx_word' id='word_1_240' title='bbox 2377 4004 2489 4065; x_wconf 77' lang='lat' dir='ltr'><strong>tad</strong></span> <span class='ocrx_word' id='word_1_241' title='bbox 2527 4008 2724 4069; x_wconf 78' lang='lat' dir='ltr'><strong>amrta</strong></span> <span class='ocrx_word' id='word_1_242' title='bbox 2767 4002 2982 4089; x_wconf 71' lang='lat' dir='ltr'><strong>dyuski</strong></span> <span class='ocrx_word' id='word_1_243' title='bbox 3005 4026 3158 4086; x_wconf 79' lang='lat' dir='ltr'><strong>pra-</strong></span> 
     </span>
     <span class='ocr_line' id='line_1_29' title="bbox 922 4126 3160 4207; baseline 0.001 -17"><span class='ocrx_word' id='word_1_244' title='bbox 922 4127 1299 4191; x_wconf 66' lang='lat' dir='ltr'><strong>titiskthati:</strong></span> <span class='ocrx_word' id='word_1_245' title='bbox 1347 4127 1805 4207; x_wconf 85' lang='lat' dir='ltr'><strong>„immortalis</strong></span> <span class='ocrx_word' id='word_1_246' title='bbox 1847 4128 1990 4191; x_wconf 86' lang='lat' dir='ltr'><strong>vita</strong></span> <span class='ocrx_word' id='word_1_247' title='bbox 2022 4132 2132 4191; x_wconf 85' lang='lat' dir='ltr'><strong>est</strong></span> <span class='ocrx_word' id='word_1_248' title='bbox 2175 4147 2418 4189; x_wconf 88' lang='lat' dir='ltr'><strong>aurum</strong></span> <span class='ocrx_word' id='word_1_249' title='bbox 2431 4153 2449 4205; x_wconf 81' lang='lat'><em>3</em></span> <span class='ocrx_word' id='word_1_250' title='bbox 2498 4126 2621 4190; x_wconf 90' lang='lat' dir='ltr'><strong>hoc</strong></span> <span class='ocrx_word' id='word_1_251' title='bbox 2665 4128 2844 4190; x_wconf 89' lang='lat' dir='ltr'><strong>enim</strong></span> <span class='ocrx_word' id='word_1_252' title='bbox 2884 4126 3160 4193; x_wconf 88' lang='lat' dir='ltr'><strong>immor-</strong></span> 
     </span>
    </p>
   </div>
   <div class='ocr_carea' id='block_1_3' title="bbox 926 4272 1314 4280">
    <p class='ocr_par' dir='ltr' id='par_1_3' title="bbox 926 4272 1314 4280">
     <span class='ocr_line' id='line_1_30' title="bbox 926 4272 1314 4280; baseline 0 0"><span class='ocrx_word' id='word_1_253' title='bbox 926 4272 1314 4280; x_wconf 95' lang='lat' dir='ltr'><strong> </strong></span> 
     </span>
    </p>
   </div>
   <div class='ocr_carea' id='block_1_4' title="bbox 922 4304 3163 4483">
    <p class='ocr_par' dir='ltr' id='par_1_4' title="bbox 922 4304 3163 4483">
     <span class='ocr_line' id='line_1_31' title="bbox 990 4304 3163 4393; baseline 0.003 -18"><span class='ocrx_word' id='word_1_254' title='bbox 990 4325 1030 4389; x_wconf 79' lang='grc' dir='ltr'><strong>ι&gt;</strong></span> <span class='ocrx_word' id='word_1_255' title='bbox 1068 4315 1191 4393; x_wconf 67' lang='lat' dir='ltr'><strong>Kc&#39;v.</strong></span> <span class='ocrx_word' id='word_1_256' title='bbox 1222 4322 1432 4393; x_wconf 87' lang='lat' dir='ltr'><strong>quidem</strong></span> <span class='ocrx_word' id='word_1_257' title='bbox 1471 4322 1572 4387; x_wconf 91' lang='lat'>111,</span> <span class='ocrx_word' id='word_1_258' title='bbox 1594 4324 1640 4386; x_wconf 90' lang='lat'><strong>8,</strong></span> <span class='ocrx_word' id='word_1_259' title='bbox 1665 4324 1725 4377; x_wconf 90' lang='lat'><strong>16</strong></span> <span class='ocrx_word' id='word_1_260' title='bbox 1747 4304 1831 4389; x_wconf 73' lang='lat'>(2&#39;1</span> <span class='ocrx_word' id='word_1_261' title='bbox 1855 4322 1956 4389; x_wconf 86' lang='lat' dir='ltr'><strong>St.)</strong></span> <span class='ocrx_word' id='word_1_262' title='bbox 1993 4324 2235 4393; x_wconf 81' lang='lat' dir='ltr'><strong>torquem</strong></span> <span class='ocrx_word' id='word_1_263' title='bbox 2269 4322 2506 4375; x_wconf 81' lang='lat' dir='ltr'><strong>nominat</strong></span> <span class='ocrx_word' id='word_1_264' title='bbox 2537 4324 2750 4377; x_wconf 61' lang='lat' dir='ltr'><strong>manfm.</strong></span> <span class='ocrx_word' id='word_1_265' title='bbox 2788 4322 2864 4376; x_wconf 83' lang='lat' dir='ltr'><strong>Ex</strong></span> <span class='ocrx_word' id='word_1_266' title='bbox 2888 4338 3006 4377; x_wconf 85' lang='lat' dir='ltr'><strong>ann.</strong></span> <span class='ocrx_word' id='word_1_267' title='bbox 3034 4324 3163 4381; x_wconf 67' lang='lat' dir='ltr'><strong>Nar.</strong></span> 
     </span>
     <span class='ocr_line' id='line_1_32' title="bbox 922 4413 2836 4483; baseline 0 -17"><span class='ocrx_word' id='word_1_268' title='bbox 922 4414 987 4467; x_wconf 88' lang='lat' dir='ltr'><strong>ad</strong></span> <span class='ocrx_word' id='word_1_269' title='bbox 1021 4414 1070 4467; x_wconf 92' lang='lat' dir='ltr'><strong>h.</strong></span> <span class='ocrx_word' id='word_1_270' title='bbox 1088 4413 1121 4466; x_wconf 95' lang='lat' dir='ltr'><strong>l.</strong></span> <span class='ocrx_word' id='word_1_271' title='bbox 1160 4414 1351 4468; x_wconf 88' lang='lat' dir='ltr'><strong>scimus</strong></span> <span class='ocrx_word' id='word_1_272' title='bbox 1386 4430 1599 4468; x_wconf 83' lang='lat' dir='ltr'><strong>aureum</strong></span> <span class='ocrx_word' id='word_1_273' title='bbox 1634 4414 1772 4480; x_wconf 80' lang='lat' dir='ltr'><strong>dici3</strong></span> <span class='ocrx_word' id='word_1_274' title='bbox 1808 4414 1992 4468; x_wconf 81' lang='lat' dir='ltr'><strong>manih</strong></span> <span class='ocrx_word' id='word_1_275' title='bbox 2024 4414 2163 4468; x_wconf 88' lang='lat' dir='ltr'><strong>enim</strong></span> <span class='ocrx_word' id='word_1_276' title='bbox 2200 4414 2248 4467; x_wconf 88' lang='lat' dir='ltr'><strong>ei</strong></span> <span class='ocrx_word' id='word_1_277' title='bbox 2284 4416 2366 4467; x_wconf 85' lang='lat' dir='ltr'><strong>est</strong></span> <span class='ocrx_word' id='word_1_278' title='bbox 2396 4413 2836 4483; x_wconf 68' lang='lat' dir='ltr'><strong>savar-namoyah.</strong></span> 
     </span>
    </p>
   </div>
  </div>
 </body>
</html>
